1966 3288
1027 280 1087 323 48

409 408 505 454 Iam
555 409 684 454 venio
733 407 789 453 ad
828 407 979 454 locum
1018 408 1277 465 Ammiani,
1316 409 1393 472 qui
1430 415 1497 456 est
1533 409 1658 464 XVI,
1696 411 1769 466 12,

346 490 560 546 15—-17,
615 508 706 553 quo
758 491 1014 537 accuratius
1063 491 1348 539 considerato
1406 492 1606 556 primum
1658 492 1770 538 mihi

342 574 543 633 persuasi
582 574 844 620 Ileckerum
883 590 1043 619 verum
1080 574 1244 620 vidisse
1281 574 1327 637 ¹),

406 656 598 701 Enarrat
648 655 709 700 ibi
747 672 945 717 pugnam
985 657 1420 719 Argentoratensem
1460 675 1496 704 a.
1538 660 1629 706 357
1667 657 1769 705 fac-

341 744 434 783 tam
488 745 533 784 et
580 737 716 784 refert
753 738 918 805 milites
957 738 1183 800 proelium
1220 740 1510 787 committere
1547 740 1768 796 voluisse,

340 821 629 878 recordantes
675 820 888 867 barbaros
935 837 1057 868 anno
1104 822 1339 885 superiore
1375 823 1497 869 susos
1534 822 1590 869 ab
1626 824 1771 887 impe-

340 909 487 950 ratore
541 920 697 966 pacem
759 903 957 966 petiisse.
1032 904 1211 950 Deinde
1272 905 1429 951 multis
1480 906 1662 953 disserit
1713 906 1770 954 de

340 986 624 1048 expeditione
683 986 880 1048 quadam
934 987 1208 1042 Constantii,
1255 987 1387 1054 cuius
1423 994 1555 1035 antea
1594 988 1766 1036 nullam

342 1068 624 1114 mentionem
662 1068 842 1115 fecerat.

405 1150 515 1196 Eam
569 1151 907 1214 expeditionem
956 1168 1110 1198 revera
1158 1151 1321 1198 factam
1376 1169 1472 1200 esse
1516 1170 1637 1202 anno
1673 1157 1766 1202 356

337 1233 420 1280 iam
478 1235 584 1281 satis
632 1240 828 1281 constat.
866 1234 1048 1281 Primus
1084 1235 1206 1281 enim
1243 1235 1566 1282 Tillemontius
1601 1238 1632 1300 2>
1671 1255 1766 1285 rem

1339 1317 1371 1380 3)
1427 1319 1765 1382 expeditionem

341 1417 423 1448 suo
459 1418 579 1447 anno
616 1401 879 1464 adscripsit,
929 1401 990 1447 ita
1027 1407 1079 1447 ut
1116 1417 1302 1448 necesse
1338 1419 1430 1448 non
1467 1401 1524 1448 sit
1559 1420 1658 1450 eam
1694 1404 1767 1451 hic

343 1317 602 1380 explicavit,
657 1325 701 1364 et
754 1323 858 1380 post
910 1334 1010 1363 eum
1060 1317 1304 1364 Clintonus

339 1484 544 1546 pluribus
581 1501 801 1530 enarrare.
838 1485 872 1545 4)

401 1567 523 1626 Quid
561 1568 746 1613 taudem
787 1567 1087 1614 Ammianum
1124 1568 1340 1624 adduxit,
1379 1578 1428 1615 ut
1467 1568 1522 1615 de
1559 1586 1611 1616 ea
1637 1585 1766 1632 expe-

337 1650 537 1705 ditione,
596 1650 675 1696 ubi
729 1657 983 1697 memorata
1042 1668 1158 1714 opus
1211 1657 1353 1706 esset,
1397 1651 1530 1714 plane
1569 1659 1762 1707 taceret,

332 1739 377 1778 at
430 1732 528 1778 loco
586 1733 857 1779 alienissimo
911 1733 973 1779 ita
1013 1733 1276 1789 dissereret,
1326 1734 1455 1796 quasi
1488 1750 1626 1797 supra
1661 1751 1761 1781 eam

332 1815 560 1878 copiosius
615 1816 901 1862 enarrasset?
955 1816 1081 1863 Haec
1127 1817 1435 1863 controversia
1487 1817 1634 1863 dirimi
1671 1834 1762 1864 non

332 1905 508 1960 potest,
560 1898 646 1944 nisi
699 1898 943 1945 statuimus
990 1899 1292 1946 Ammianum
1345 1899 1391 1945 iu
1432 1899 1633 1946 historiis
1669 1900 1762 1946 suis

332 1982 673 2027 conscribendis
722 1998 859 2027 usum
904 1998 1001 2027 esse
1036 1982 1251 2045 peculiari
1288 1983 1483 2044 quodam
1518 1982 1668 2038 fonte,
1713 1983 1760 2029 in

390 2274 412 2318 ¹)
440 2275 586 2320 Optime
616 2275 803 2312 Heckerus
831 2277 874 2312 de
903 2288 944 2311 eo
971 2277 1051 2311 loco
1080 2276 1156 2321 egit
1184 2289 1243 2322 pg.
1275 2278 1406 2316 250026.
1445 2280 1482 2313 et
1508 2278 1548 2313 in
1576 2290 1764 2316 commen-

329 2343 471 2378 tatione
504 2346 579 2380 «elie
609 2346 1009 2380 Alamam}euscltlaclrt²>
1042 2357 1101 2390 pg.
1135 2345 1192 2378 70.

383 2409 409 2456 ²)
450 2413 602 2447 Histoire
643 2415 700 2449 des
744 2411 953 2459 Empe‘reurs
996 2414 1047 2449 IV
1088 2426 1137 2459 pg
1197 2415 1282 2449 171³
1312 2416 1349 2449 et
1376 2427 1433 2459 pg.
1467 2413 1556 2449 ‘289¹’
1583 2416 1759 2451 editionis

334 2479 579 2514 Bruxeliensis
609 2494 640 2515 a.
675 2482 783 2516 1732.

385 2545 409 2590 ²⁵)
442 2549 543 2581 Fasti
569 2550 723 2583 Romani
748 2550 763 2583 .Ῐ
793 2562 807 2582 s
851 2561 881 2584 a.
913 2550 984 2584 357
1013 2561 1074 2594 pg.
1105 2550 1281 2595 435s437.

384 2612 410 2658 ⁴)
435 2614 718 2659 Expeditionem
747 2629 784 2652 re
812 2628 897 2652 vora,
925 2618 1133 2661 susceptam
1161 2629 1235 2652 esse
1263 2629 1294 2652 a.
1314 2617 1397 2662 356,
1427 2620 1468 2653 ut
1483 2619 1558 2654 alia-
1573 2620 1762 2663 omittam,

328 2693 370 2716 ex
407 2681 464 2715 his
500 2683 618 2717 verbis
657 2686 828 2729 apparet:
875 2685 1048 2719 «Caesare
1076 2685 1245 2729 proximo
1273 2698 1454 2731 nusquam
1483 2687 1581 2722 elabi
1609 2688 1761 2735 permit-

326 2743 470 2783 tentem?
496 2752 633 2798 (Amin.
664 2753 761 2787 XVI.
795 2753 850 2787 12.
884 2754 960 2798 16.)
989 2752 1162 2787 Julianus
1193 2754 1353 2799 (Cacsar)
1380 2756 1479 2790 enim
1508 2759 1594 2791 ante
1623 2768 1655 2791 a.
1686 2757 1759 2791 356

332 2817 369 2850 in
399 2815 521 2851 Gallia
550 2831 621 2853 non
651 2820 735 2853 fuit.
