1966 3288
869 207 929 251 49

216 353 308 398 quo
343 335 515 381 Juliani
550 352 621 381 res
656 343 810 397 gestae
849 341 1027 382 tantum
1065 341 1280 382 tractatae
1317 335 1420 382 sint.
1484 337 1635 395 Quem

214 417 377 464 fontem
415 417 579 463 librum
619 418 847 479 quendam
885 417 1026 464 fuisse
1056 417 1283 464 aJuliano
1302 418 1634 480 conscriptum,

214 500 318 562 quis
354 506 422 545 est
461 499 571 561 quin
607 499 717 545 mihi
754 500 1007 546 concedat?

279 581 446 627 Juliani
500 581 613 627 nihil
643 581 874 638 intererat,
918 590 969 629 ut
1005 599 1073 630 res
1107 584 1160 629 ab
1195 583 1452 630 adversario
1483 591 1632 645 gestas

213 663 519 727 praedicaret,
565 680 678 726 quas
713 681 766 710 eo
803 665 898 711 solo
930 665 1117 711 consilio
1153 667 1548 722 commemoravit,
1589 674 1635 713 ut

213 746 497 801 ostenderet,
547 763 594 792 se
640 764 680 793 a.
729 748 821 794 357
871 747 1018 793 multo
1066 747 1285 794 deteriore
1332 748 1430 795 loco
1466 749 1632 804 fuisse,

210 845 347 891 quam
390 844 481 891 quo
517 828 817 875 Constantius
851 846 972 876 anno
1006 830 1157 893 priore
1195 830 1370 878 fuisset.
1415 832 1464 892 1).

277 911 330 958 Id
378 911 417 958 ei
454 910 564 957 vitio
601 917 776 958 vertere
814 929 904 958 non
944 929 1212 975 possumus,
1259 915 1367 977 quia
1402 931 1504 962 suas
1539 921 1635 961 tan-

213 1000 313 1040 tum
367 1010 437 1040 res
491 1010 698 1040 enarrare
752 995 917 1052 voluit3
972 996 1050 1042 sed
1094 1013 1146 1042 eo
1185 997 1326 1059 magis
1362 997 1637 1044 Ammianus

213 1076 539 1140 vituperandus
577 1082 669 1133 est,
708 1078 787 1140 qui
824 1078 1059 1124 historiam
1079 1079 1417 1143 totiusimperii
1438 1080 1636 1126 Romani

212 1159 435 1216 scribens,
488 1176 580 1206 non
629 1159 817 1215 viderit,
866 1168 1100 1208 auctorem
1147 1179 1279 1209 suum
1320 1178 1410 1209 non
1443 1163 1539 1209 sine
1574 1162 1638 1208 ira

213 1249 259 1289 et
297 1242 450 1290 studio
485 1259 556 1288 res
591 1242 834 1289 rettulisse.

279 1325 383 1372 Jam
437 1324 543 1371 satis
604 1324 861 1371 luculenter
907 1326 1243 1373 demonstrasse
1294 1327 1406 1374 mihi
1462 1327 1638 1383 videor,

215 1407 516 1454 Ammianum
548 1424 599 1453 ex
625 1407 978 1454 Commentariis
995 1408 1168 1455 Juliani
1186 1409 1413 1465 hausisse;
1434 1416 1638 1456 ceterum

212 1490 429 1536 lectorem
467 1489 523 1536 ad
567 1489 767 1536 Heckeri
804 1490 1011 1536 libellum
1050 1490 1222 1553 delego,
1255 1492 1348 1555 qui,
1372 1509 1637 1556 quanquam

215 1572 286 1619 hic
340 1572 429 1619 illic
483 1572 619 1618 nimis
672 1572 857 1619 subtilia
908 1580 1180 1635 argumenta
1234 1574 1444 1631 adhibet,
1481 1582 1634 1622 tamen

215 1654 485 1701 firmissimis
537 1655 819 1717 argumentis
872 1655 1107 1718 probavit,
1146 1657 1446 1705 Ammianum
1482 1664 1526 1705 et
1563 1658 1637 1704 Li-

215 1737 405 1784 banium
442 1737 579 1784 etiam
621 1737 667 1782 in
705 1737 1005 1800 sequentibus
1033 1740 1296 1786 enarrandis
1328 1741 1489 1788 eodem
1516 1742 1638 1787 fonte

215 1835 320 1867 usos
358 1836 467 1867 esse.

278 1903 383 1950 Non
439 1919 622 1966 possum
671 1908 823 1948 tamen
865 1918 956 1948 non
994 1903 1243 1950 exscribere
1279 1904 1401 1951 locos
1438 1905 1636 1969 aliquot,

214 2002 327 2049 quos
358 2003 410 2032 ex
451 1984 633 2040 multis,
671 1984 751 2047 qui
787 1984 843 2030 ab
880 1985 1091 2033 Heckero
1126 1986 1394 2044 laudantur,
1438 1987 1563 2049 elegi.

280 2070 432 2116 Amm.
474 2067 604 2114 XVI.
644 2069 713 2113 ll.
757 2068 829 2113 ll.
1060 2069 1213 2116 Liban.
1254 2070 1275 2116 I
1311 2087 1384 2133 pg.
1425 2071 1531 2116 539.

219 2158 292 2205 net
357 2167 475 2213 opus
536 2166 613 2213 spe
678 2148 868 2195 celerius
993 2166 1015 2202 ω’
1064 2161 1255 2219 βασιλεὺς
1308 2163 1350 2203 δὲ
1408 2162 1639 2217 ἐμπίμπλη

222 2233 589 2287 „consummavit
624 2239 667 2279 et.
695 2232 866 2278 victum
994 2247 1135 2296 πυρῶν
1167 2246 1234 2283 καὶ
1265 2245 1438 2296 φρουρία
1468 2246 1535 2283 καὶ
1564 2246 1632 2283 πό-

221 2315 562 2368 μᾶθΐθηεονὶὺῃε
610 2315 673 2361 ibi
720 2314 867 2361 locan-
994 2322 1075 2371 λεις
1114 2324 1195 2363 cim)
1235 2327 1318 2364 τῶν
1354 2325 1525 2371 ἐκείνοις
1559 2326 1641 2376 εἰρ-

221 2397 315 2450 ndiS
368 2414 418 2443 CX
467 2396 712 2443 barbaricis
755 2412 868 2441 IlleS-
994 2404 1210 2457 γασμένων
1245 2403 1393 2458 λη’ίων,
1431 2408 1521 2451 ταῖς
1556 2406 1638 2444 τῶν

219 2480 374 2533 „sibus
421 2497 510 2526 non
559 2479 656 2525 sine
698 2477 867 2524 discri—
993 2486 1259 2537 στρατιωτῶν
1305 2485 1456 2539 χερσίν.

278 2679 303 2724 ¹)
331 2681 383 2715 cf.
413 2681 532 2715 Amin.
563 2681 658 2715 XVI.
680 2681 736 2715 12.
758 2681 820 2715 16:
854 2680 945 2715 «Sed
960 2678 1084 2713 nullus
1100 2679 1283 2712 mutatam
1301 2678 1481 2713 rationem
1496 2681 1639 2725 tompo-

216 2746 266 2783 ris
293 2747 521 2789 advertebat,
549 2749 645 2792 quod
672 2750 783 2782 tunc»
815 2760 845 2781 ο.
874 2760 909 2791 q.
939 2760 965 2782 s.

1418 2817 1447 2860 4
