1966 3288
1025 288 1086 332 44

339 423 490 463 autom
545 417 724 464 Libanii
770 417 917 463 verbis
954 418 1046 465 ulla
1080 419 1327 466 auctoritas
1366 420 1613 467 tribuenda
1649 432 1765 469 esset

341 500 484 563 (quod
537 501 699 562 negoJ,
755 517 839 563 ego
893 518 1076 565 quoque
1131 503 1381 550 conicerem
1435 504 1544 550 haec
1586 510 1665 550 aut
1709 505 1765 552 ad

338 584 595 645 Augustam
651 583 939 630 Trevirorum
988 590 1068 631 aut
1104 585 1161 631 ad
1198 586 1392 632 Mettem
1434 586 1762 650 (Divodurum)

337 671 417 711 aut
453 665 508 711 ad
546 666 872 712 Vesontionem
909 673 988 714 aut
1023 667 1077 714 ad
1116 668 1243 714 aliud
1275 668 1501 732 quoddam
1524 669 1762 733 oppidum,

338 748 461 810 quod
513 748 789 795 Ammianus
844 766 935 796 non
976 751 1314 806 memoraverit,
1362 751 1601 799 referenda
1637 769 1764 809 esse3

335 830 409 876 sed
447 831 571 893 quod
607 831 805 888 scimus,
861 832 1042 887 omnia,
1097 849 1216 896 quae
1252 834 1478 881 rettulerit
1513 835 1763 891 Libanius,

333 913 496 960 hausta
540 931 637 961 esse
675 915 743 961 vel
781 933 833 962 ex
870 916 897 962 J
906 915 1045 962 uliani
1078 916 1458 974 CommentariiS‚
1509 917 1765 981 eademque

334 997 520 1059 reperiri
573 998 697 1060 apud
733 999 1060 1053 Ammianum,
1102 1000 1170 1046 vel
1208 1017 1260 1046 ex
1297 999 1419 1047 illius
1456 1000 1656 1063 epistula
1707 1001 1764 1047 ad

334 1078 642 1126 Athenienses
677 1081 878 1138 fluxisse,
916 1090 1111 1139 nonest,
1143 1083 1342 1129 cureius
1362 1083 1611 1130 narrationi
1631 1082 1761 1146 quid-

332 1178 470 1224 quam
514 1163 779 1210 tribuamus.
849 1164 1043 1211 Minime
1080 1172 1237 1212 autem
1274 1166 1585 1229 Brocomagus
1625 1166 1762 1224 (Bru-

332 1245 475 1306 math)
513 1246 856 1309 intellegendus
895 1254 978 1304 est,
1017 1254 1065 1295 ut
1105 1249 1318 1296 Heckero
1354 1248 1534 1312 placere
1564 1248 1760 1305 videtur,

332 1345 437 1374 nam
488 1328 593 1375 haec
645 1331 755 1376 urbs
804 1330 894 1377 iam
930 1338 1061 1394 capta
1098 1332 1183 1378 fuit
1226 1349 1250 1378 a
1289 1331 1489 1378 barbaris
1523 1331 1571 1391 1).
1644 1332 1763 1378 Urbs

333 1429 437 1458 vero
491 1412 544 1459 de
599 1430 690 1476 qua
743 1413 837 1477 agit
883 1414 1127 1470 Libanius,
1163 1416 1217 1462 ab
1253 1415 1464 1462 hostibus
1502 1422 1763 1463 commeatu

332 1495 751 1552 intercludebatm,
789 1503 1050 1560 expugnata
1086 1498 1229 1560 igitur
1265 1515 1356 1545 non
1395 1497 1493 1544 fuit.

399 1579 444 1625 Si
482 1585 637 1626 autem
673 1580 985 1627 coniecturam
1021 1581 1167 1628 facere
1211 1581 1337 1633 licet,
1387 1581 1589 1627 Senones
1626 1580 1763 1643 signi-

333 1662 487 1708 ficasse
538 1662 785 1719 Libanium
821 1663 1118 1720 crediderim,
1174 1664 1283 1727 quia
1318 1663 1532 1710 Julianus
1570 1680 1609 1709 a.
1650 1665 1766 1720 356,

330 1743 441 1790 dum
476 1745 599 1807 apud
634 1762 710 1792 eos
746 1745 979 1802 hibernat,
1016 1763 1098 1809 per
1135 1748 1194 1792 30
1232 1747 1329 1793 dies
1365 1763 1390 1792 a
1426 1746 1632 1792 barbaris
1668 1747 1766 1793 ob—

328 1843 480 1873 sessus
518 1835 584 1874 est
620 1826 668 1891 2).
708 1828 819 1874 Tam
858 1845 1068 1891 perversa
1105 1845 1257 1876 rerum
1296 1829 1614 1893 interpretatio
1634 1829 1757 1875 enim

326 1927 417 1958 non
453 1910 592 1957 semel
627 1910 747 1973 apud
784 1911 1029 1959 Libanium
1065 1913 1277 1959 occurrit.

390 1993 514 2040 Loco
550 1994 812 2050 Ammiani,
866 2012 1003 2058 quem
1043 1995 1131 2041 iam
1169 2011 1307 2058 supra
1345 1997 1619 2051 memoravi,
1675 1996 1756 2060 qui

328 2082 394 2121 est
447 2076 474 2123 l.
513 2077 640 2124 XVI.
679 2094 716 2123 c.
756 2080 782 2123 2
837 2081 857 2136 ᾧ
898 2078 971 2133 12,
1010 2077 1233 2123 nonnulla
1275 2077 1598 2134 inveniuntur,
1637 2095 1757 2142 quae

327 2159 372 2205 iu
410 2159 603 2221 epistula
639 2177 824 2223 quoque
843 2160 900 2207 ad
919 2159 1225 2207 Athenienses
1246 2168 1517 2207 enarrantur
1536 2164 1588 2223 3.)
1616 2161 1756 2225 Apud

328 2242 625 2289 Ammianum
679 2243 789 2289 haec
841 2243 1087 2306 leguntur:
1163 2243 1495 2296 71audiens....
1552 2244 1758 2291 civitates

333 2325 575 2378 „barbaros
626 2326 913 2389 possidentes
967 2326 1191 2373 territoria
1247 2344 1404 2373 earum
1453 2327 1658 2373 habitare
1695 2356 1755 2362 —-

333 2424 464 2459 unam
504 2408 599 2470 ipsa
635 2409 803 2472 oppida
822 2416 873 2456 ut
894 2410 1171 2457 circumdata
1191 2410 1317 2456 retiis
1337 2411 1473 2456 busta
1491 2409 1758 2456 declinant⁷'

329 2496 373 2535 et
410 2507 451 2552 q.
491 2508 524 2535 s.

388 2696 413 2740 ¹)
442 2698 492 2731 Cf.
525 2699 643 2732 Amin
676 2700 774 2734 XVI.
804 2701 837 2733 2.
869 2701 925 2734 12.

386 2763 411 2808 2)
442 2742 493 2799 cf.
524 2767 644 2800 Amm.
674 2768 772 2802 xvi.
802 2748 866 2802 (ᾖς.
898 2768 917 2801 3
946 2770 981 2803 et
1012 2769 1045 2802 4.

388 2831 413 2878 ³)
437 2844 496 2878 pg.
528 2834 598 2868 278
629 2835 670 2869 D.
