1966 3288
894 232 952 275 45

261 359 475 406 Julianus
509 364 664 407 autem
700 359 762 406 11.
782 382 790 406 :
829 366 995 409 πολλῶν
1023 370 1135 408 πάνυ
1158 369 1406 418 Γερμανῶν,
1427 358 1504 414 ait,
1528 369 1617 417 περὶ

198 445 271 489 τὰς
304 443 623 496 πεπορθημένας
658 447 700 483 ἐν
735 441 904 489 Κελτοῖς
937 440 1075 488 πόλέις
1104 440 1233 488 (ὶδε-ῶς
1267 444 1588 482 κατοικούντων.

264 516 556 579 Quamquam
594 534 789 579 magnus
825 533 1075 562 consensus
1100 521 1244 562 exstat
1264 515 1384 561 inter
1404 532 1469 569 ea,
1503 531 1620 577 quae

197 599 410 645 Julianus
446 607 490 645 et
525 599 800 646 Ammianus
837 599 892 644 de
930 599 1010 645 hac
1047 616 1092 645 re
1129 598 1429 661 scripserunt,
1466 603 1617 643 tamen

198 697 289 727 non
326 681 434 727 inde
470 681 779 743 colligendum
807 688 899 736 est,
939 680 1232 727 Ammianum
1270 680 1339 726 hic
1377 677 1620 725 exJuliani

198 763 391 826 epistula
441 764 497 809 ad
552 763 858 810 Athenienses
911 764 1137 818 hausisse,
1191 779 1296 808 nam
1349 761 1404 807 de
1450 760 1620 815 bustis,

197 846 370 893 retibus
406 846 722 902 circumdatis,
783 847 839 893 de
873 847 1041 909 quibus
1075 845 1349 892 Ammianus
1385 844 1504 906 agit,
1541 844 1622 889 Ju-

198 928 348 975 lianus
383 929 430 974 in
468 928 659 991 epistula
694 929 750 975 ad
777 929 1080 975 Athenienses
1100 928 1232 988 plane
1253 934 1380 974 tacet.
1411 927 1625 974 Julianus

199 1011 267 1057 bis
319 1011 518 1057 eundem
572 1011 703 1057 illum
758 1011 1034 1074 peculiarem
1070 1027 1242 1057 morem
1280 1011 1619 1056 Germanorum

197 1093 592 1149 commemoravit,
629 1093 767 1156 idque
802 1093 1031 1155 copiosius
1067 1093 1112 1139 in
1132 1093 1484 1140 Commentariis
1504 1092 1620 1147 suis,

198 1176 246 1222 in
294 1175 463 1238 quibus
513 1176 656 1222 multa
697 1186 828 1232 sunt,
872 1192 990 1238 quae
1039 1193 1143 1222 eum
1189 1176 1444 1231 adducant,
1477 1182 1529 1222 ut
1565 1175 1620 1220 (le

201 1257 429 1304 eiusmodi
466 1259 599 1305 rebus
637 1257 854 1320 disputet.

265 1340 480 1386 Ceterum
517 1340 730 1387 Julianus
766 1340 813 1386 in
852 1341 1047 1403 epistula
1083 1340 1139 1386 ad
1174 1340 1479 1387 Athenienses
1513 1357 1623 1403 pau-

199 1422 391 1469 cissimis
442 1423 656 1485 quidem,
707 1422 785 1468 sed
833 1429 984 1469 tamen
1023 1423 1132 1469 satis
1167 1429 1375 1470 accurate
1411 1439 1481 1468 res
1517 1439 1622 1468 suas

200 1503 429 1550 rettulisse
465 1504 659 1550 videtur.
710 1505 908 1550 Necesse
943 1510 1096 1551 tamen
1133 1512 1226 1560 est,
1264 1511 1316 1551 ut
1347 1521 1522 1567 semper
1559 1505 1626 1550 di-

201 1587 396 1649 ligenter
436 1586 724 1649 inquiramus
761 1586 807 1632 in
846 1603 921 1641 ca,
960 1604 1076 1649 quae
1113 1593 1290 1642 na1·ret;
1341 1604 1446 1633 nam
1479 1593 1622 1633 artem

201 1668 318 1715 facta
362 1668 427 1714 ita
471 1669 768 1731 disponendi,
807 1675 859 1715 ut
889 1669 1078 1731 gloriam
1116 1686 1245 1716 suam
1281 1675 1467 1732 augeat,
1507 1672 1627 1716 Con·

201 1751 358 1797 stantii
395 1751 541 1797 famae
579 1752 827 1810 obtrectet,
865 1751 1045 1814 egregie
1081 1752 1226 1798 callet.
1251 1744 1280 1814 ¹)

264 1833 361 1879 Iam
400 1833 609 1895 sequitur
646 1835 800 1879 Amin.
842 1834 969 1880 XVI.
1009 1851 1045 1880 c.
1087 1837 1112 1880 3
1155 1839 1175 1893 ᾧ
1216 1837 1267 1880 l:

272 1915 442 1968 „Nullo
478 1916 629 1978 itaque
664 1924 766 1978 post
799 1915 907 1962 haec
944 1924 1227 1979 repugnante
1263 1918 1319 1963 ad
1356 1934 1628 1979 recuperan-

205 1998 339 2051 (sdam
374 1997 438 2043 ire
474 1998 648 2061 placuit
683 1998 1015 2061 Aggrippinam
1053 2005 1159 2045 ante
1194 1999 1399 2046 Caesaris
1440 2001 1484 2047 in
1523 2000 1629 2047 Gal-

206 2080 316 2132 ulias
352 2080 600 2127 adventum
637 2081 855 2136 excisam,
894 2098 973 2144 per
1009 2098 1124 2144 quos
1161 2088 1333 2128 tractus
1371 2100 1452 2129 nec
1471 2084 1630 2129 civitas

204 2162 326 2216 nulla
363 2165 524 2209 celsium·
557 2180 637 2209 nec
676 2163 913 2210 castellum
952 2164 1038 2209 nisi
1075 2165 1197 2226 quod
1230 2166 1348 2228 apud
1385 2166 1630 2212 Confluen-

204 2252 433 2306 „tes....
487 2246 796 2308 Rigomagum
850 2246 1072 2309 oppidum
1128 2252 1218 2303 ext,
1273 2256 1317 2294 et
1356 2265 1448 2294 una
1486 2265 1627 2312 prope

206 2327 381 2389 „ipsam
420 2328 655 2374 Coloniam
693 2328 880 2374 turris.'’

268 2410 545 2456 Acutissime
592 2410 835 2457 Heckerus
886 2411 930 2456 in
967 2411 1054 2458 alia
1103 2415 1519 2471 commentatione,
1556 2415 1629 2461 cui

204 2492 393 2539 titulus:
431 2493 530 2546 „die
560 2493 1052 2540 Alamannenschlacht
1072 2495 1143 2541 bei
1163 2496 1462 2559 Straszburg''
1488 2499 1535 2559 2),
1573 2498 1628 2543 (16

259 2630 282 2675 ι)
310 2632 362 2666 Cf.
398 2633 441 2668 de
467 2633 686 2677 perturbata
714 2634 925 2676 temporum
953 2633 1096 2669 ratione
1125 2635 1319 2669 Petavium
1347 2636 1385 2670 in
1415 2636 1626 2670 adnotatio-

202 2697 309 2733 nibus
337 2700 384 2734 1ιά
411 2701 483 2735 Jul.
512 2713 566 2745 ep.
596 2701 643 2735 ad
662 2700 795 2735 Athen.
813 2712 871 2744 pg.
889 2701 960 2735 278
980 2702 1007 2735 D
1023 2703 1097 2748 (pg.
1120 2703 1165 2736 5⁹9
1182 2703 1356 2738 editionis
1372 2703 1604 2748 Spanlwmii)
1619 2730 1626 2737 .

256 2766 284 2812 ²)
312 2768 353 2802 ln
380 2768 607 2804 Fleckeiseni
637 2767 852 2802 Annalibus
884 2768 989 2802 1889.
1024 2770 1101 2804 Vol.
1132 2772 1147 2805 I
1176 2783 1259 2816 pag.
1290 2773 1335 2806 68
1365 2772 1492 2807 adnot.
