2242 3496
1241 403 1300 449 30

561 539 793 585 ‚lulianum
827 538 1018 600 (liguum
1066 541 1222 600 putat,
1261 552 1410 598 neque
1447 537 1491 583 in
1533 543 1725 584 mentem
1764 537 1804 584 ei
1843 538 1989 593 venit,

561 621 682 667 huno
733 622 776 668 in
813 620 1099 667 orationibus
1143 626 1188 665 et
1241 619 1449 681 epistulis
1504 620 1746 667 deflectere
1783 621 1988 683 potuisse

559 722 583 750 a
631 705 843 750 veritate.
890 710 938 749 ut
992 719 1121 749 suam
1170 701 1359 764 gloriam
1408 710 1596 764 angeret
1633 711 1677 750 et
1714 705 1988 752 Constantio

559 794 754 835 noceret.

623 870 667 915 Si
704 869 846 932 igitur
881 868 1036 915 omnia
1072 868 1347 931 scriptorum
1384 868 1647 915 testimonia
1683 869 1982 931 comprehen-

557 953 740 1008 (limus3
776 952 885 998 haec
922 952 1205 998 invenimus:

622 1037 678 1082 1⁰.
740 1034 1032 1097 Eunapium,
1072 1042 1254 1097 praeter
1290 1051 1427 1097 opera
1463 1034 1663 1090 Juliani,
1697 1051 1812 1097 quae
1831 1034 1981 1081 adhuc

556 1125 829 1180 supersunt,
884 1117 1062 1164 novisse
1115 1124 1160 1164 et
1211 1117 1381 1164 librum
1436 1117 1667 1179 quendam
1727 1118 1782 1164 de
1829 1134 1984 1181 pugna

554 1201 936 1263 Argentoratensi
991 1207 1036 1247 et
1081 1200 1326 1263 epistulam
1375 1201 1431 1247 ad
1470 1200 1752 1263 Cyllenium,
1807 1200 1852 1247 in
1892 1218 1984 1264 qua

553 1300 624 1330 res
659 1292 815 1347 gestae
850 1289 1087 1331 enarratae
1124 1291 1291 1331 essent.

623 1368 682 1413 ΞΟ.
705 1354 1007 1413 Ammianum
1030 1383 1410 1413 commemorasse
1430 1366 1663 1414 historiam
1689 1384 1838 1413 rerum
1861 1366 1984 1413 domi

556 1449 831 1512 militiaeque
870 1455 1107 1512 gestarum
1145 1467 1170 1496 a
1204 1449 1392 1496 Juliano
1426 1449 1526 1512 ipso
1563 1450 1884 1513 conscriptam.

621 1535 681 1579 3⁰.
719 1532 968 1579 Libaninm
1004 1532 1050 1579 in
1091 1550 1161 1596 ep.
1201 1534 1261 1579 33
1298 1533 1354 1579 ad
1390 1532 1627 1580 Julianum
1660 1533 1766 1579 data
1787 1533 1839 1594 sa.
1862 1533 1973 1595 358)

552 1616 784 1678 scripsisse
818 1632 864 1662 se
897 1616 1032 1662 fando
1052 1616 1280 1662 audivisse
1300 1615 1539 1662 «Iulianum
1560 1633 1631 1662 res
1652 1632 1756 1662 suas
1774 1615 1820 1661 in
1844 1616 1979 1662 Com-

553 1699 790 1745 mentarios
805 1698 985 1745 referre.
1008 1699 1198 1746 Accedit
1212 1698 1337 1761 qnod
1358 1699 1399 1744 in
1415 1698 1620 1745 oratione
1636 1698 1710 1744 cui
1725 1713 1975 1757 προσφωνη-

548 1785 654 1843 Ἰτικῷ
690 1799 858 1828 nomen
880 1787 988 1838 sest,
1027 1798 1184 1828 mense
1218 1781 1344 1828 Julio
1381 1799 1417 1828 a.
1458 1783 1551 1828 362
1590 1781 1757 1836 habita,
1796 1780 1976 1828 rettulit

549 1882 595 1910 se
646 1865 702 1912 ab
756 1883 808 1912 eo
860 1864 1100 1927 petivisse,
1156 1871 1210 1911 ut
1264 1865 1350 1911 sibi
1409 1864 1762 1911 commentarios
1815 1864 1969 1920 daret,

545 1965 745 2011 eumque
782 1965 935 1995 rerum
973 1947 1241 2010 scriptorem
1281 1947 1542 1994 nominavit.
1583 1948 1823 1994 Praeterea
1865 1948 1974 1994 vidi-

547 2049 670 2088 mus,
724 2049 830 2078 eum
878 2032 924 2078 in
969 2048 1039 2094 ep.
1095 2033 1185 2077 525
1229 2030 1471 2077 Julianum
1509 2030 1746 2077 materiem
1789 2027 1972 2093 rogasse

545 2114 741 2176 longiori
778 2114 973 2161 orationi
1009 2115 1055 2160 in
1094 2114 1192 2160 eius
1226 2113 1442 2160 honorem
1479 2113 1793 2179 elaboraiidae.

611 2198 897 2260 Quamquam
954 2214 1043 2244 non
1100 2204 1167 2243 est
1204 2213 1370 2258 magna
1406 2196 1784 2243 documentorum
1816 2195 1969 2259 copia,

545 2286 696 2326 tamen
752 2280 947 2336 sufficit,
1003 2279 1141 2326 modo
1196 2280 1389 2341 probare
1442 2279 1635 2341 possim,
1675 2279 1969 2325 Ammiauum

544 2363 598 2408 ad
653 2363 965 2425 expeditiones
1018 2361 1193 2409 Juliani
1229 2361 1426 2408 Gallicas
1475 2363 1750 2409 enarrandas
1797 2361 1972 2409 Juliani

544 2462 680 2507 opere
715 2446 915 2507 quodam
953 2463 1088 2491 usum
1127 2461 1239 2491 esse.

610 2528 663 2573 Id
717 2527 926 2574 Heckero
981 2528 1097 2574 duce
1154 2527 1358 2573 facturus
1396 2544 1525 2583 sum,
1558 2528 1689 2574 cuius
1722 2534 1868 2574 tamen
1920 2534 1970 2574 ut

544 2610 743 2672 vestigiis
778 2611 1000 2666 insistam,
1039 2616 1220 2656 tantuin
1259 2611 1413 2666 abest,
1452 2597 1517 2656 ιώ
1541 2610 1687 2656 multa
1707 2611 1804 2656 aliis
1834 2627 1968 2673 argu-

545 2694 710 2737 mentis
779 2693 1082 2755 probaturus,
1151 2692 1373 2739 nonnulla
1425 2692 1797 2755 improbaturus,
1854 2709 1969 2739 nova

544 2775 766 2836 quaedam
805 2775 1029 2820 allaturus
1067 2774 1168 2820 sim.

610 2853 908 2904 Ammianum
956 2858 1001 2904 in
1039 2857 1169 2903 bellis
1209 2857 1492 2903 Germanicis
1529 2857 1793 2903 enarrandis
1831 2873 1966 2920 pecu-

543 2938 638 2984 liari
687 2939 886 3001 quodam
924 2940 1047 2985 fonte
1084 2956 1220 2984 usum
1262 2956 1388 2995 esse,
1426 2939 1574 2999 colligi
1614 2957 1744 3003 posse
1783 2939 1966 2985 videtur
