2242 3496
993 397 1051 443 35

307 530 538 583 „mitritus
588 545 640 574 ex
697 528 953 574 academiae
1006 529 1172 591 quietis
1221 528 1520 584 umbraculis,
1576 545 1667 574 non
1704 546 1728 575 e

306 611 517 665 „militari
567 611 854 657 tabernaculo
906 611 951 657 in
1000 610 1235 674 pulverem
1272 611 1494 657 Martium
1529 615 1726 668 tractus,

308 700 476 748 nstrata
512 693 790 739 Germania’'
829 710 866 739 e.
889 711 929 756 q.
954 712 986 740 s.

367 776 641 822 Ammianus
704 776 847 839 igitur
907 794 952 823 se
1006 777 1135 824 valde
1188 779 1422 840 poenitere
1474 783 1723 832 asseverat,

303 858 427 920 quod
461 859 518 905 de
552 857 724 905 Juliani
758 858 999 906 iuventute
1035 860 1146 906 nihil
1182 861 1417 923 cognitum
1454 860 1618 907 habeat
1639 860 1724 906 nisi

300 939 430 987 haec:
484 940 723 987 Julianum
763 941 886 988 nulla
921 942 985 988 rei
1022 942 1226 989 militaris
1263 943 1449 990 scientia
1488 943 1723 990 imbutum

299 1023 491 1070 Athenis
527 1024 680 1071 statim
717 1025 771 1071 ad
809 1030 954 1071 castra
989 1030 1202 1071 vocatum
1238 1042 1348 1073 esse.

364 1106 483 1153 Cum
534 1113 687 1154 autem
740 1107 787 1153 in
839 1107 1033 1170 epistula
1074 1107 1130 1154 ad
1171 1107 1471 1155 Athenienses
1507 1108 1721 1156 Julianus

297 1189 445 1236 multa
480 1189 714 1237 tradiderit
752 1190 805 1236 de
843 1207 922 1237 sua
958 1190 1213 1245 iuventute,
1244 1191 1282 1237 is
1301 1190 1427 1237 locus
1446 1191 1721 1240 documento

299 1289 394 1319 esse
443 1279 596 1336 potest
648 1274 891 1320 Ammiano
944 1272 1069 1320 illam
1121 1273 1361 1336 epistulam
1417 1280 1574 1321 notam
1627 1293 1719 1322 non

297 1355 448 1402 fuisse.

364 1438 457 1484 Iam
493 1437 777 1501 intellegitur
820 1455 959 1501 quam
995 1440 1049 1486 ob
1095 1456 1191 1486 rem
1224 1440 1501 1487 Ammianus
1538 1457 1718 1487 narrare

296 1520 630 1583 supersederit,
690 1539 810 1569 anno
868 1523 1057 1569 demum
1114 1523 1206 1569 357
1262 1539 1491 1569 sumniam
1536 1523 1718 1587 imperii

295 1604 480 1650 Juliano
528 1605 738 1651 traditam
781 1622 903 1660 esse,
942 1605 1067 1667 quod
1103 1612 1147 1652 et
1183 1605 1399 1652 Julianus
1436 1606 1482 1652 in
1521 1606 1719 1669 epistula

294 1688 349 1733 ad
404 1687 713 1734 Athenienses
752 1688 783 1750 1«)
834 1694 877 1734 et
923 1704 1082 1734 omnes
1121 1688 1388 1751 scriptores,
1427 1690 1507 1752 qui
1543 1706 1596 1736 ex
1635 1690 1717 1736 hac

292 1770 487 1832 epistula
523 1770 800 1825 hauserunt,
839 1771 1130 1817 rettulerunt.
1170 1771 1199 1832 ἶ)

353 1853 403 1898 ld
453 1869 561 1898 sane
609 1852 741 1898 nobis
782 1853 973 1898 tradidit
1009 1853 1281 1900 Ammianus
1310 1853 1365 1916 SJ,
1414 1854 1544 1901 initio
1580 1854 1717 1901 huius

291 1935 401 1981 anni
453 1935 671 1981 Severum
721 1934 990 1997 magistrum
1029 1935 1230 1982 militum
1265 1936 1435 1983 factum
1476 1954 1596 1993 esse,
1635 1937 1715 2000 qui

289 2017 475 2064 Juliano
516 2018 563 2064 in
600 2018 812 2064 omnibus
848 2018 985 2064 rebus
1021 2018 1377 2081 obsequeretur:
1419 2036 1554 2073 neum
1591 2028 1714 2067 recta

293 2106 620 2164 „praeeuntem
657 2106 899 2146 secuturus
930 2106 982 2146 ut
1002 2100 1238 2147 ductorem
1260 2103 1514 2164 morigerus
1534 2102 1709 2149 miles’'.

294 2184 430 2242 Quod
466 2183 550 2229 etsi
585 2183 641 2228 ad
677 2200 773 2229 rem
812 2183 933 2229 hand
970 2183 1168 2229 multum
1208 2185 1420 2246 pertinet,
1460 2196 1610 2231 tamen
1642 2201 1714 2232 res

286 2266 415 2312 aliter
442 2265 606 2312 tradita
641 2265 840 2312 ostendit
876 2266 1177 2312 Ammianum
1215 2266 1457 2329 epistulam
1496 2267 1549 2314 ad
1568 2268 1708 2315 Athe-

287 2347 464 2394 nienses
500 2363 592 2393 non
628 2347 909 2410 cognovisse.

350 2430 487 2488 Quod
531 2430 567 2475 si
610 2447 762 2476 verum
803 2436 884 2485 est,
922 2447 1199 2486 consensus,
1237 2432 1316 2494 qni
1352 2449 1442 2477 non
1480 2450 1575 2479 uno
1611 2433 1709 2479 loco

343 2647 367 2693 ¹)
394 2659 453 2693 pg.
483 2647 554 2681 278
584 2648 634 2682 D:
665 2639 806 2680 δίδωσί
837 2656 903 2693 μοι
941 2643 1022 2682 τῶν
1057 2642 1348 2695 στρατοπέδων
1383 2646 1456 2695 τὴν
1479 2646 1707 2698 ἠγεμονίαν

285 2711 377 2767 ἦρος
409 2714 528 2769 ἀρχῇ.

337 2788 363 2835 ²)
391 2790 521 2825 Liban.
551 2790 588 2825 in
620 2790 721 2826 Orat.
752 2791 912 2826 Funebri
939 2803 1024 2837 pgg.
1055 2792 1125 2827 53ss
1154 2795 1191 2827 ct
1220 2794 1303 2828 538.

335 2858 497 2893 Zosimus
524 2859 550 2893 1.
581 2859 636 2894 III
665 2871 695 2895 c.
726 2860 759 2894 2.
789 2861 809 2904 ξ
839 2860 872 2894 3.

338 2924 364 2972 ³)
392 2926 417 2961 1.
448 2926 546 2962 XVI.
577 2939 606 2962 c.
639 2928 680 2962 11
710 2929 730 2973 ς
761 2929 794 2962 1.
