2242 3496
1190 396 1215 439 S

487 549 573 577 nus
628 532 773 577 factus
827 536 895 576 est
948 534 1006 585 et,
1061 545 1167 574 cum
1223 530 1475 591 Imperator
1511 529 1565 574 ad
1602 528 1774 575 bellum
1813 546 1916 574 cum

490 614 637 660 Persis
689 613 943 675 gerendum
979 612 1120 658 lectos
1155 610 1326 657 Juliani
1370 611 1536 658 milites
1575 629 1597 656 e
1634 611 1783 657 Gallia
1818 628 1919 658 evo-

489 702 624 754 caret,
681 696 904 742 seditione
940 701 1040 741 orta
1088 694 1186 741 eius
1225 695 1449 741 exercitus
1484 695 1724 741 Julianum
1764 695 1921 757 Augu-

494 787 615 826 stum
655 779 869 825 salutavit
908 778 962 840 (a.
999 778 1129 840 360).

559 862 848 925 Tempestiva
869 877 991 906 mors
1011 859 1267 906 Constantii
1289 860 1319 922 1>
1340 859 1514 906 bellum
1535 859 1663 905 civile
1685 859 1772 906 iam
1794 876 1920 906 exor-

488 952 585 991 tum
624 950 801 990 mature
838 944 1078 1015 exstinxit}
1116 959 1208 1006 quo
1244 943 1362 988 sacto
1399 942 1614 988 Julianus
1651 943 1804 988 statim
1841 959 1922 1006 per

491 1034 642 1074 totum
679 1026 929 1090 Imperium
960 1026 1224 1073 Romanum
1253 1026 1511 1088 Imperator
1531 1026 1820 1072 renuntiatus
1840 1030 1921 1072 est.

554 1304 726 1351 Fontes
788 1310 965 1359 autem,
1020 1322 1043 1350 e
1088 1303 1258 1367 quibus
1297 1302 1458 1349 notitia
1497 1320 1648 1349 rerum
1687 1303 1756 1349 his
1792 1305 1924 1351 annis

493 1388 548 1448 (a.
621 1388 898 1446 356--361)
958 1393 1193 1449 gestarum
1246 1385 1499 1432 haurienda
1553 1394 1645 1441 est,
1701 1388 1918 1450 quoniam

492 1469 752 1516 tractandos
807 1469 917 1515 mihi
966 1468 1170 1531 sumpsi,
1220 1468 1500 1530 probaturus
1537 1484 1639 1514 sum
1680 1469 1920 1531 primarios

490 1558 698 1598 auctores
750 1552 1047 1598 Ammiauum
1101 1556 1146 1597 et
1198 1550 1448 1597 Libanium
1503 1568 1618 1613 quae
1675 1552 1921 1599 memoriae

489 1634 782 1691 tradiderint,
838 1652 890 1681 ex
943 1633 1191 1697 deperditis
1250 1632 1424 1679 Juliani
1475 1634 1816 1681 commentariis
1852 1635 1924 1682 de-

492 1717 756 1780 sumpsisse.
812 1717 966 1764 Multa
1001 1724 1151 1763 autem
1190 1733 1350 1762 eorum
1400 1733 1517 1780 quae
1557 1717 1797 1764 Heckerus
1832 1718 1924 1764 iam

495 1799 603 1845 satis
654 1799 913 1845 luculenter
965 1799 1301 1846 demonstravit
1362 1798 1585 1846 omittam.
1653 1800 1722 1846 Ita
1758 1799 1924 1847 tacitus

497 1898 580 1944 pro
617 1881 850 1945 explorato
885 1872 1088 1937 habebo,
1127 1881 1306 1927 Libanii
1339 1881 1569 1928 orationes
1606 1882 1751 1928 adres
1770 1887 1923 1945 gestas

491 1964 665 2011 Juliani
717 1964 1055 2027 cognoscendas
1104 1963 1278 2010 nullius
1332 1981 1429 2010 esse
1465 1964 1613 2028 pretii.
1673 1965 1920 2011 Libanium

491 2047 639 2103 enim,
695 2052 746 2094 ut
797 2046 972 2093 ‚Juliani
1024 2046 1215 2109 gloriam
1259 2053 1467 2108 augeret,
1506 2047 1732 2109 quaedam
1772 2047 1919 2093 alieno

490 2130 589 2177 loco
627 2130 901 2185 narravisse,
940 2129 1025 2176 alia
1057 2130 1387 2193 amplificasse,
1425 2130 1512 2176 alia
1548 2130 1919 2192 praetermisisse,

491 2213 646 2260 onmia
681 2213 882 2276 denique
918 2213 1202 2276 pervertisse.

556 2297 674 2342 Cum
741 2302 897 2343 autem
949 2296 1189 2342 Heckerus
1243 2294 1417 2358 primus
1472 2295 1679 2342 omnium
1735 2295 1918 2351 viderit,

490 2385 634 2425 totam
670 2379 978 2425 narrationem
1015 2377 1251 2425 Ammiani
1288 2395 1339 2423 ex
1374 2377 1725 2424 Commentariis
1744 2378 1920 2425 Juliani

489 2462 697 2516 fluxisse,
735 2461 781 2507 in
818 2478 1015 2507 errorem
1054 2461 1240 2516 incidit,
1278 2461 1351 2506 cui
1390 2461 1520 2506 multi
1554 2477 1712 2507 eorum
1734 2461 1921 2507 obnoxii

491 2550 625 2599 sunt,
674 2545 752 2607 qui
796 2561 964 2590 novam
1006 2543 1207 2606 aliquam
1244 2560 1339 2589 rein
1377 2543 1604 2590 invenisse
1641 2561 1687 2590 se
1726 2550 1917 2605 putant:

494 2626 656 2690 partim
693 2626 830 2672 nimis
867 2626 1014 2672 multa
1050 2626 1240 2688 probare
1277 2625 1450 2679 voluit,
1494 2627 1659 2687 partim
1681 2643 1797 2688 quae
1817 2643 1922 2672 vera

492 2708 727 2763 videntur,
766 2714 844 2754 aut
879 2725 971 2754 non
1010 2708 1118 2754 satis
1155 2708 1356 2754 dilucide
1376 2708 1613 2770 exposuit,
1651 2714 1730 2754 aut
1756 2725 1919 2772 parum

493 2790 635 2836 firmis
666 2790 948 2850 argumentis
979 2789 1203 2852 probavit.
1243 2789 1374 2848 Quae
1403 2806 1538 2836 causa
1569 2791 1754 2847 exstitit,
1777 2807 1857 2837 cur
1876 2807 1916 2837 v.

550 2942 574 2987 ¹)
602 2952 724 2975 mense
753 2939 954 2974 Novembri
983 2952 1014 2973 a.
1046 2941 1129 2975 361.
