2242 3496
1206 384 1262 429 18

512 517 792 571 'forationum
832 515 1215 580 epistularumque
1253 515 1349 561 eius
1385 533 1483 561 vum
1520 517 1733 578 gravitate
1758 517 1940 564 comitas

509 600 802 662 ''incorrupta
854 627 916 634 ——-
969 604 1013 644 ct
1075 603 1323 644 nostrarum
1372 604 1741 662 mammarumque
1791 618 1935 646 rerum

510 710 530 736 u
538 685 767 729 falsvm-iam
806 681 1131 737 multiformem.
1143 679 1167 697 '²

574 766 743 812 'sextus
762 773 1004 827 corruptus
1025 770 1106 810 est.
1146 764 1343 810 Verbum
1364 764 1484 810 unde
1504 765 1709 827 pendent
1731 764 1910 812 nomina
1929 785 1937 812 ε

499 851 743 910 poetieam,
801 848 1084 902 rhemi-icam,
1141 848 1371 893 historiam
1427 847 1616 903 excidit,
1681 864 1831 910 neque
1884 865 1936 894 ex

507 930 1020 991 Wagnerhconiectura
1050 930 1234 976 verbum
1271 930 1500 983 ‘salmacis'
1534 930 1833 992 supplendum
1855 937 1936 977 est.

505 1014 737 1060 Sententia
772 1013 982 1076 requirit:
1026 1012 1318 1068 ulraclavz't''‚
1340 1018 1418 1058 aut
1437 1012 1562 1059 aliud
1583 1013 1776 1059 eiusdem
1802 1013 1937 1075 signi-

504 1097 720 1143 ficationis
758 1097 970 1151 verl›um;
1002 1095 1210 1141 Julianus
1242 1112 1332 1141 non
1368 1102 1537 1142 lantum
1568 1096 1729 1142 amavit
1754 1096 1937 1155 litteras,

504 1180 581 1226 sed
620 1179 749 1225 etiam
786 1179 923 1226 coluit
959 1185 1004 1225 et
1040 1178 1189 1224 multis
1225 1178 1402 1241 scriptis
1437 1178 1573 1225 auxit.

568 1262 826 1309 Ammianus
861 1262 992 1324 igitur
1026 1261 1213 1324 primum
1250 1261 1564 1325 philosophiae
1591 1261 1737 1308 studia
1753 1261 1937 1318 Juliani,

504 1346 672 1393 deinde
708 1345 905 1392 carmina
926 1374 986 1379 —
1006 1361 1149 1407 pauca
1168 1344 1265 1390 eius
1285 1344 1602 1407 epigrammata
1624 1350 1804 1391 exstant
1821 1344 1855 1407 1)
1874 1373 1937 1379 —-

504 1435 550 1475 et
582 1430 847 1476 rhetoricam
883 1432 1210 1481 commemorat,
1237 1444 1330 1490 quo
1349 1427 1532 1473 nomine
1564 1427 1792 1474 orationes
1829 1428 1936 1491 epi—

503 1511 740 1574 stulasque
795 1511 892 1558 eius
944 1510 1246 1573 amplectitur,
1303 1515 1347 1556 et
1381 1515 1632 1573 postremo:
1683 1515 1938 1558 nosti-mma

501 1600 872 1656 aeternarumque
906 1611 1051 1641 rerum
1089 1594 1321 1639 historiam
1340 1595 1646 1651 multiformen
1665 1592 1708 1639 h.
1731 1610 1768 1640 e.
1790 1610 1936 1640 rerum

501 1677 621 1724 domi
674 1677 947 1740 peregrique
999 1682 1229 1738 gestarum
1268 1676 1431 1722 variam
1468 1676 1714 1731 historiam,
1753 1693 1938 1740 eamque

504 1761 681 1806 maioris
735 1760 962 1823 momenti,
1013 1776 1143 1822 quam
1190 1759 1264 1805 cui
1301 1776 1463 1806 nomen
1501 1760 1936 1818 commentariorum,

503 1844 717 1890 librorum
771 1843 978 1890 Caesaris
1030 1842 1189 1898 instar,
1244 1842 1452 1888 sufficiat.
1506 1843 1720 1890 Concedo
1765 1860 1938 1907 expres-

507 1927 568 1972 sis
606 1928 752 1973 verbis
790 1927 1081 1973 Ammianum
1118 1942 1209 1972 non
1247 1925 1449 1972 indicare
1468 1932 1616 1972 utrum
1637 1926 1847 1973 Julianus
1866 1943 1938 1972 res

503 2028 610 2057 ‚vaca-v
646 2009 910 2057 tractaverit
946 2025 1002 2055 an
1039 2010 1251 2065 (choreum
1292 2010 1372 2056 sed
1410 2010 1525 2057 infra
1562 2009 1618 2055 de
1655 2026 1706 2056 ea
1740 2025 1789 2055 re
1824 2009 1935 2072 quid

506 2093 798 2139 statuendum
836 2092 1045 2138 videatur
1080 2091 1289 2153 aperiam.

572 2176 661 2221 Iam
716 2175 769 2221 de
821 2174 1025 2220 omnibus
1062 2173 1278 2237 deinceps
1316 2175 1542 2238 epistulis,
1580 2175 1938 2238 quas'Libanius

504 2258 562 2303 ad
597 2258 828 2304 Julianum
874 2257 1014 2313 dedit,
1052 2257 1126 2303 ubi
1162 2257 1481 2319 disputaturus
1518 2276 1626 2313 sum,
1664 2260 1795 2322 copia
1831 2259 1937 2304 milii

505 2342 587 2387 erit
623 2342 667 2387 in
704 2347 882 2404 tempus
917 2340 1179 2403 inquirendi
1216 2356 1307 2402 quo
1342 2341 1553 2387 Julianus
1590 2359 1661 2388 res
1699 2358 1803 2388 suas
1831 2358 1936 2388 con-

507 2424 696 2469 scribere
735 2423 927 2469 instituit
963 2423 1245 2485 scriptasque
1281 2422 1523 2485 evulgavit.

574 2507 629 2552 111
678 2506 838 2568 primis
882 2505 1066 2552 citanda
1118 2510 1186 2551 est
1220 2505 1402 2552 Libanii
1434 2506 1632 2569 epistula
1669 2509 1729 2553 33
1766 2507 1821 2554 ad
1853 2507 1936 2554 Ju-

506 2590 696 2635 lianum.
763 2589 940 2651 Scripta
988 2593 1056 2634 est
1110 2605 1202 2634 non
1261 2588 1404 2634 multo
1459 2596 1562 2652 post
1615 2589 1933 2637 Nicomediam

509 2689 711 2718 eversam
783 2671 809 2717 i.
875 2687 913 2717 e.
968 2687 1004 2716 a.
1062 2670 1105 2717 d.
1161 2671 1246 2717 IX.
1309 2671 1406 2717 Kal.
1464 2673 1584 2735 Sept.
1640 2690 1678 2718 a.
1730 2674 1823 2718 358
1871 2672 1929 2735 2),

566 2855 588 2900 ’)
618 2846 670 2889 Of.
700 2854 840 2889 Juliani
871 2856 1000 2898 Opera.
1030 2854 1086 2889 ed.
1115 2854 1281 2889 Hertlcin
1311 2867 1370 2899 pg.
1402 2856 1576 2903 Glllssffl·

563 2922 588 2967 ἒ)
617 2923 668 2955 (Ὗ.
700 2922 819 2955 Amin.
850 2922 1013 2955 Marcell.
1050 2922 1168 2956 XVII.
1201 2923 1232 2955 7.
1265 2923 1298 2956 2.
