2242 3496
359 1321 493 1367 Initio
538 1320 671 1366 huius
711 1319 1037 1367 dissertationis
1074 1337 1236 1368 causas
1274 1322 1408 1368 edere
1445 1324 1550 1370 mihi
1588 1324 1721 1371 liceat

294 1415 398 1453 cur,
435 1415 539 1444 cum
577 1397 725 1459 primo
761 1397 993 1458 inquirere
1030 1398 1074 1443 in
1114 1399 1431 1460 cognationem
1465 1401 1722 1447 constituis—

293 1498 412 1537 sem,
450 1497 562 1543 quae
593 1485 789 1525 exstaret
814 1479 929 1525 inter
958 1480 1190 1526 Ammiani
1211 1481 1464 1528 Marcellini
1484 1488 1528 1528 et
1548 1483 1718 1530 Zosimi

290 1563 345 1609 de
382 1563 500 1609 bello
536 1580 561 1608 a
595 1562 780 1608 ‚Iuliano
815 1562 1098 1625 Imperatore
1134 1578 1240 1609 cum
1277 1564 1424 1609 Persis
1455 1571 1582 1627 gesto
1617 1583 1718 1612 nar-

290 1645 514 1701 rationes,
562 1645 618 1690 de
665 1643 867 1690 fontibus
917 1650 1096 1690 tantum
1141 1645 1376 1707 disputare
1410 1646 1712 1703 decreverim,

289 1744 342 1773 ex
377 1728 542 1790 quibus
580 1727 822 1790 scriptores
863 1727 1037 1789 antiqui
1072 1727 1149 1789 qui
1188 1727 1362 1773 Juliani
1399 1729 1538 1777 vitan]
1572 1736 1616 1776 et
1646 1747 1716 1776 res

288 1816 438 1872 gestas
471 1817 767 1866 enarrarunt,
807 1809 1008 1856 hausisse
1044 1808 1265 1856 videntur.

357 1893 475 1939 Cum
522 1892 587 1938 illi
634 1892 698 1938 rei
741 1909 925 1954 operam
968 1892 1152 1946 darem,
1209 1908 1281 1937 me
1334 1892 1477 1938 invito
1527 1894 1717 1950 accidit,

287 1985 337 2021 ut
383 1975 428 2020 in
478 1974 774 2037 inquisitione
824 1974 1007 2036 longius
1057 1991 1194 2037 quam
1232 1992 1313 2037 par
1349 1983 1466 2022 esset
1504 1978 1716 2039 procede-

287 2074 407 2113 rem,
444 2058 650 2120 finesque
686 2056 909 2119 propositi
946 2057 1037 2102 inei
1073 2057 1324 2119 egrederer.

351 2139 678 2201 Intellegebam
714 2139 833 2185 enim
883 2156 951 2185 res
985 2155 1010 2184 a
1044 2139 1230 2185 Juliano
1266 2140 1312 2186 in
1344 2141 1526 2187 Perside
1563 2148 1713 2204 gestas

287 2221 438 2267 animo
469 2221 794 2283 coml‘n’ehendi
830 2221 1018 2267 minime
1050 2238 1196 2283 posse,
1219 2222 1307 2268 nisi
1328 2229 1575 2270 ceterarum
1600 2242 1713 2286 quo-

289 2319 378 2364 que
412 2319 564 2348 rerum
600 2318 625 2347 a
658 2302 686 2348 J
693 2302 844 2348 uliano
880 2309 1111 2364 gestarum
1153 2303 1267 2349 ratio
1302 2303 1559 2351 haberetur.

354 2385 580 2447 Inquisivi
626 2384 766 2447 igitur
813 2384 1014 2447 primum
1051 2384 1096 2430 in
1134 2402 1204 2431 res
1241 2402 1266 2431 a
1300 2386 1486 2433 Juliano
1522 2387 1713 2433 Caesare

288 2467 334 2512 in
388 2467 535 2513 Gallia
579 2474 755 2529 gestas,
809 2467 999 2522 deinde,
1038 2484 1095 2512 ne
1129 2467 1240 2529 quid
1276 2469 1710 2530 praetermitterem,

288 2565 403 2611 quae
456 2549 510 2595 de
556 2549 799 2595 iuventute
850 2549 947 2595 eius
993 2549 1205 2611 cognosci
1252 2557 1458 2612 possent,
1496 2551 1713 2614 indagare

288 2637 474 2678 conatus
510 2649 628 2678 sum.

354 2714 425 2760 Ita
460 2715 628 2761 sensim
667 2732 720 2761 eo
757 2714 983 2760 adductus
1021 2731 1148 2770 sum,
1190 2721 1240 2760 ut
1277 2731 1404 2771 meo,
1438 2721 1490 2761 ut
1520 2715 1712 2772 dicitur,

288 2796 435 2842 Marte
487 2796 720 2842 historiam
775 2797 950 2842 Juliani
1006 2797 1200 2843 scribere
1254 2797 1555 2844 instituerem.
1621 2799 1708 2844 Sed
1771 2829 1773 2832 -

290 2896 393 2925 mox
430 2879 630 2925 intellexi
666 2897 764 2926 eam
802 2896 895 2925 rem
935 2879 1105 2925 absolvi
1142 2897 1230 2925 non
1264 2897 1398 2942 posse
1432 2880 1516 2925 nisi
1542 2880 1709 2927 librum

1492 2967 1511 3009 1
