2242 3496
945 367 1003 411 25

268 496 393 550 λόγος
432 494 461 554 ¹)
498 502 574 542 aut
610 497 752 543 oratio
789 498 951 554 luerit,
989 499 1032 545 in
1071 499 1284 546 honorem
1305 499 1470 545 Juliani
1490 500 1693 546 consula-

265 583 338 624 tus
376 579 477 625 Kal.
510 579 742 625 ‘Januariis
778 597 814 625 a.
859 583 950 627 363
985 581 1137 627 hahita
1172 581 1216 632 2).
1262 583 1369 627 Nan]
1391 582 1556 638 oratio,
1579 600 1690 645 quae

264 677 345 722 pro
381 661 685 723 Aristophane
711 679 750 709 a.
774 665 866 710 362
888 664 1010 727 apud
1029 665 1258 711 Julianum
1280 664 1434 711 habita
1454 672 1547 721 est,
1578 665 1690 711 nihil

260 759 495 789 commune
548 743 682 790 habet
736 762 832 790 cum
868 745 922 791 iis
962 748 1118 802 rebus,
1159 764 1269 811 quas
1305 747 1420 810 petit
1458 747 1690 794 Libanius.

262 825 419 871 Oratio
455 832 608 872 autem
630 827 699 873 cui
719 831 1016 889 πρεσβευτικῷ
1036 846 1195 875 nomen
1217 835 1298 883 est,
1319 828 1355 890 3)
1385 829 1570 876 Reiskio
1590 846 1691 875 auc—

262 913 359 954 tore
395 910 431 968 4)
483 925 732 972 numquam
783 910 933 957 hahita
983 918 1063 957 est.
1122 913 1339 958 Attamen
1374 912 1508 958 etiam
1546 912 1690 958 oratio

260 989 305 1035 in
360 989 578 1037 honorem
621 991 893 1038 Consulatus
927 993 1097 1039 Juliani
1133 993 1311 1055 longior
1342 1010 1438 1039 esse
1476 993 1585 1039 mihi
1628 994 1687 1039 vi-

265 1071 410 1128 detur,
465 1089 600 1135 quam
653 1081 702 1120 ut
751 1080 870 1121 recte
924 1076 1202 1122 oratiuncula
1254 1076 1341 1122 dici
1378 1077 1541 1139 possit3
1583 1093 1688 1122 nam

257 1152 378 1217 apud
414 1153 649 1202 Reiskium
687 1157 746 1201 39
784 1157 973 1219 paginas
1011 1158 1225 1204 continet.
1256 1158 1532 1204 Verisimile
1554 1159 1689 1221 igitur

255 1243 322 1282 est
356 1237 602 1284 Libanium
638 1237 708 1284 hic
748 1240 1027 1285 mentionem
1069 1240 1224 1286 fecisse
1261 1241 1316 1287 de
1352 1242 1586 1296 oratione,
1619 1242 1690 1287 cui

259 1323 601 1380 προσφωνητικιῇ
636 1338 803 1368 nomen
841 1327 930 1376 est,
969 1339 1084 1385 quae
1121 1324 1387 1370 concinnius
1427 1325 1485 1370 19
1512 1324 1689 1386 paginis

258 1405 379 1468 typis
432 1421 642 1468 expressa
689 1411 771 1450 est.
826 1405 1035 1468 Epistula
1089 1407 1179 1451 525
1236 1406 1376 1468 igitur
1414 1423 1505 1452 non
1543 1406 1687 1452 multo

260 1492 499 1550 postquam
552 1487 763 1534 Julianus
818 1487 1107 1534 Antiochiam
1181 1489 1304 1535 venit
1371 1489 1533 1552 scripta
1585 1505 1682 1535 esse

263 1570 452 1616 videtur.

321 1655 367 1698 111
404 1653 485 1700 hac
521 1653 718 1716 epistula
748 1660 902 1700 autem
941 1654 1162 1701 Libanius
1198 1654 1384 1701 Juliano
1406 1654 1680 1717 persuadere

253 1742 467 1791 conatur,
516 1741 566 1783 ut
615 1736 700 1782 sibi
738 1736 887 1782 mittat
929 1737 1051 1783 unde
1094 1737 1311 1783 maiorem
1348 1737 1593 1783 orationem
1632 1738 1674 1783 111

251 1819 345 1865 eius
395 1819 612 1866 honorem
659 1835 934 1881 componere
981 1819 1148 1883 possit3
1187 1820 1254 1866 sin
1292 1819 1470 1876 minus,
1508 1837 1554 1866 se
1590 1819 1677 1866 exi-

246 1902 533 1948 stimaturum
575 1919 620 1948 se
655 1919 681 1947 a
718 1901 903 1948 Juliano
940 1902 1136 1965 neglegi.

311 1984 430 2030 Cum
478 1991 639 2032 mutua
674 2002 833 2032 eorum
871 1985 1071 2032 amicitia
1109 2002 1200 2032 11011
1228 1985 1492 2047 refrigerata
1528 1992 1671 2040 esset,

247 2067 453 2129 suspicor
505 2067 744 2114 Julianum
794 2068 976 2115 tandem
1031 2067 1221 2114 instanti
1279 2067 1472 2114 Libanio
1538 2068 1679 2113 satis—

245 2149 407 2195 fecisse
449 2159 492 2196 et
527 2151 879 2197 commentarios
917 2167 1024 2197 suos
1060 2151 1311 2214 posteriore
1348 2155 1474 2214 parte
1505 2167 1541 2196 a.
1584 2152 1678 2197 362

252 2230 459 2278 edidisse.

317 2314 419 2361 Jam
468 2316 677 2378 sequitur
712 2345 774 2349 —
816 2332 921 2362 nam
959 2332 1118 2362 omues
1153 2334 1178 2363 a
1213 2315 1405 2362 Libanio
1441 2316 1497 2362 ad
1535 2317 1676 2363 Julia-

251 2412 362 2442 num
404 2396 531 2443 datas
571 2397 786 2460 epistulas
817 2415 1050 2444 recensere
1088 2398 1198 2444 mihi
1236 2398 1280 2444 in
1317 2397 1469 2445 animo
1506 2404 1571 2445 est
1609 2427 1672 2432 -—

307 2692 331 2737 ¹)
359 2691 490 2727 Reiske
518 2693 535 2727 I
562 2704 619 2737 pg.
651 2693 863 2728 405—423.

306 2760 331 2807 ²)
360 2761 403 2794 R.
434 2761 450 2794 Ι
478 2773 538 2805 pg.
569 2762 781 2795 366—404.

305 2827 331 2873 ³)
359 2828 404 2862 R.
433 2829 448 2862 I
477 2840 537 2874 pg.
567 2829 779 2863 451—433.

303 2895 329 2942 ⁴)
358 2897 373 2930 Ι
400 2909 460 2941 pg.
490 2897 575 2932 451.
604 2898 656 2933 Cf.
685 2897 797 2933 etiam
828 2898 975 2935 Sievers
1007 2912 1067 2945 pg.
1101 2899 1273 2945 1021‘103.
