2242 3496
1175 358 1237 405 34

552 491 701 539 Nemo
742 510 830 539 nou
873 493 995 538 videt
1032 492 1327 539 Ammianum
1364 493 1473 539 locis
1512 511 1645 556 supra
1682 510 1916 540 memora—

490 576 572 631 tis,
627 576 792 638 quibus
847 576 1018 638 optime
1067 576 1349 639 exposuerit,
1389 594 1477 639 quo
1525 577 1678 623 animo
1713 576 1920 623 Julianus

490 659 543 703 iis
597 659 875 721 temporibus
922 659 1108 707 affectus
1159 664 1302 715 esset,
1342 659 1459 706 hunc
1496 659 1648 723 ipsum
1685 664 1918 706 auctorem

489 740 668 788 habere.

552 824 641 870 Sed
692 824 780 870 iam
819 826 949 882 audi,
986 842 1075 889 quo
1112 826 1249 873 modo
1286 826 1556 873 Ammianus
1599 826 1834 873 tradiderit
1869 828 1919 886 1),

485 906 742 953 Coloniam—
773 925 798 955 a
846 907 1051 954 barbaris
1102 915 1279 971 captam
1320 925 1443 955 esse:
1484 909 1732 969 (Julianus)
1773 910 1915 963 „Tau-

489 990 641 1042 ssrinos
693 991 929 1054 pervenit,
998 991 1074 1037 ubi
1127 991 1287 1038 nuntio
1340 991 1602 1054 percellitur
1636 992 1763 1055 gravi
1768 1029 1912 1039 .....

488 1073 746 1125 vindicabat
779 1080 951 1130 autem,
996 1074 1220 1122 Coloniam
1258 1077 1582 1137 Aqrv'pffl'nam,
1615 1078 1755 1139 ampli
1783 1078 1917 1123 nomi-

487 1159 586 1209 '1722'8
635 1158 781 1203 urbem
827 1160 871 1204 2'72
907 1159 1097 1205 secunda
1138 1159 1396 1214 Germania,
1435 1159 1655 1221 pertinaci
1691 1159 1917 1206 barbaro—

486 1256 615 1293 „rum
647 1241 885 1288 obsidione
915 1250 1151 1288 reseratam
1182 1242 1363 1304 magnis
1402 1241 1568 1288 viribus
1605 1248 1649 1289 et
1667 1240 1915 1289 deletam.''

548 1324 709 1387 Capite
745 1325 906 1389 quinto
942 1330 1096 1371 autem
1134 1324 1408 1371 Ammianus
1439 1325 1621 1388 copiose
1639 1325 1917 1372 disseruerat

482 1405 538 1451 de
576 1406 791 1463 Colonia,
825 1424 1145 1471 eamquevnon
1182 1407 1318 1454 semel
1348 1408 1481 1454 nullis
1513 1408 1728 1471 epithetis
1748 1408 1914 1455 additis

485 1490 799 1537 nominaverat
833 1489 891 1550 9),
938 1497 984 1537 at
1034 1508 1156 1539 nunc
1199 1496 1333 1554 putat
1370 1491 1453 1537 sibi
1489 1491 1754 1538 addendum
1790 1509 1915 1548 esse,

483 1589 582 1619 eam
635 1573 771 1620 fuisse
826 1591 1038 1637 magnam
1101 1575 1263 1622 urbem
1318 1574 1364 1621 in
1410 1575 1612 1621 secunda
1647 1575 1913 1623 Germania.

478 1656 659 1702 Scilicet
689 1657 735 1702 id
770 1656 1134 1704 additamentum
1171 1663 1433 1721 reppererat
1467 1658 1513 1704 in
1558 1658 1913 1705 Commentariis

474 1738 669 1796 Juliani,
706 1757 822 1804 quos
849 1740 934 1787 hoc
953 1741 1052 1787 loco
1073 1740 1212 1787 latine
1234 1746 1408 1788 vertere
1429 1758 1536 1788 eum
1556 1758 1648 1787 non
1670 1741 1837 1805 puduit
1855 1743 1912 1802 3).

542 1824 688 1870 Locus
751 1825 831 1887 qui
899 1824 1110 1887 sequitur
1174 1824 1433 1871 luculenter
1484 1824 1614 1871 nobis
1674 1824 1911 1880 ostendet,

477 1923 595 1969 quae
630 1907 821 1953 'Juliani
869 1908 1037 1970 scripta
1074 1907 1347 1954 Ammianus
1381 1907 1581 1963 noverit,
1620 1923 1735 1970 quae
1770 1907 1911 1970 igno-

476 1990 654 2036 raverit.
692 1990 829 2037 Libro
868 1990 983 2037 XVI
1013 2008 1036 2036 c
1085 1992 1126 2037 1.
1166 1993 1233 2049 §5
1256 1996 1411 2036 narrat
1429 1990 1600 2036 Juliani
1622 1990 1910 2037 iuventutem

474 2071 677 2134 ignotam
715 2090 831 2120 esse:
882 2079 956 2127 „et
986 2073 1235 2136 quoniam,
1274 2080 1325 2120 ut
1364 2073 1572 2119 Tulliana
1606 2073 1739 2120 docet
1758 2078 1910 2120 aucto-

480 2156 638 2211 ssrssas,
677 2157 882 2203 omnium
921 2173 1190 2220 magnarum
1231 2157 1399 2203 artium
1437 2157 1551 2202 sicut
1581 2155 1787 2203 arborum
1807 2156 1911 2203 alti-

479 2240 621 2291 „tudo
657 2256 740 2285 nos
775 2239 997 2295 delectat,
1047 2239 1220 2286 radices
1259 2240 1512 2302 stirpesque
1545 2255 1637 2285 non
1675 2239 1812 2295 item,
1847 2242 1910 2286 sie

478 2324 766 2383 μρναθθῖαναε
799 2323 928 2368 lam-s>
964 2325 1125 2369 indolis
1162 2324 1415 2369 rudimenta
1458 2328 1558 2368 lunc
1593 2323 1742 2368 mulli-s
1777 2321 1909 2369 obnu-

478 2406 744 2458 „bilcmllbus
780 2407 1048 2469 teyebanlecr,
1087 2422 1201 2468 quae
1240 2405 1448 2452 anteferri
1473 2405 1614 2468 gestis
1631 2405 1728 2451 eius
1749 2411 1908 2468 postea

479 2488 666 2541 „inultis
718 2495 762 2535 et
806 2489 931 2535 miris
969 2489 1051 2536 hac
1087 2490 1265 2536 ratione
1301 2488 1547 2546 deberent,
1592 2489 1713 2552 quod
1751 2489 1908 2536 adule-

477 2588 633 2624 uscens
669 2572 925 2635 primaevus
962 2580 1015 2619 ut
1052 2573 1338 2619 Erechtheus
1376 2573 1421 2619 in
1460 2589 1642 2619 secessu
1668 2573 1906 2619 Minervae

535 2766 543 2781 ¹
586 2767 613 2801 1.
641 2767 667 2805 1,

528 2768 559 2880 2))
584 2836 706 2871 Α111111.
736 2836 814 2871 XV.
846 2838 878 2872 5.
908 2838 951 2881 ἐξ
983 2837 1040 2871 15.
1075 2837 1135 2871 24.
1165 2836 1224 2871 35.

523 2902 548 2948 ³)
578 2904 629 2939 Of.
659 2917 751 2949 qua<-
780 2905 846 2939 hac
877 2905 920 2940 dc
960 2918 996 2939 re
1025 2905 1172 2951 scripsit
1201 2919 1233 2941 v.
1263 2906 1298 2941 d.
1331 2906 1474 2942 Hecker
1501 2918 1561 2953 pg.
1597 2907 1655 2943 12.
