2242 3496
979 407 1038 452 37

291 540 391 579 tum
433 531 695 579 Constantio
738 531 1086 578 familiarissime
1125 530 1356 576 utebatur.
1411 528 1530 587 Quia
1567 534 1718 574 tamen

292 632 328 661 a.
375 616 564 662 demum
610 616 702 661 362
742 614 936 661 confecti
973 620 1108 670 sunt,
1163 612 1275 659 nihil
1311 610 1503 673 impedit
1540 611 1719 673 quomi-

293 715 380 744 nus
429 703 711 752 statuamus,
757 713 864 742 eum
904 697 1005 743 illos
1041 694 1394 742 commentarios
1430 700 1590 756 postea
1626 709 1718 739 am-

293 780 517 842 plificasse
569 786 614 825 et
665 778 891 825 addidisse
929 796 1045 841 quae
1082 777 1338 825 Constantii
1374 776 1520 823 famae
1558 792 1720 822 nocere

294 869 492 925 possent.

360 945 447 991 Sed
499 945 545 990 in
598 943 998 1006 argumentatione
1054 959 1151 989 mea
1207 942 1392 1004 longius
1450 940 1719 1004 processisse

297 1027 409 1074 mihi
461 1026 638 1083 videor,
692 1026 771 1089 qui
815 1043 896 1088 pro
933 1042 1038 1072 vero
1075 1025 1320 1088 acceperim
1358 1040 1475 1087 quae
1510 1023 1721 1069 nondum

298 1111 405 1157 satis
442 1110 632 1172 probata
669 1110 773 1155 sint.
825 1109 897 1155 Ad
934 1108 1220 1171 propositum
1258 1107 1400 1169 igitur
1429 1113 1642 1152 revertar.

362 1193 583 1255 Legimus
630 1192 753 1254 apud
806 1192 958 1237 Amm.
1014 1190 1042 1236 l.
1098 1190 1213 1237 XVI
1265 1206 1300 1235 c.
1359 1191 1385 1234 2
1440 1192 1485 1247 ᾧῷ
1526 1190 1547 1234 1
1587 1194 1632 1234 et
1670 1190 1721 1233 2:

301 1277 483 1338 ‘'Agens
536 1275 691 1337 itaque
744 1273 1026 1336 negotiosam
1080 1273 1277 1318 hiemem
1330 1272 1452 1334 apud
1503 1263 1722 1333 oppidum

303 1364 438 1411 „aute
473 1358 677 1404 dictum'’
724 1356 988 1419 (Viennam)
1148 1394 1186 1401 ..
1228 1354 1449 1416 comperit
1487 1354 1725 1414 Augusto-

304 1441 445 1495 nduni
468 1478 606 1487 .....
647 1456 802 1486 muros
824 1477 832 1485 .
858 1478 863 1485 .
891 1477 899 1485 .
950 1439 1243 1485 barbarorum
1280 1437 1453 1500 impetu
1478 1435 1723 1498 ‹repentino

305 1524 554 1579 (sinsesSOS‚
597 1528 806 1586 torpente
843 1522 1150 1584 praesentium
1190 1520 1388 1567 militum
1431 1535 1570 1566 manu
1606 1524 1727 1564 vete-

306 1623 499 1658 uranos.
557 1646 563 1652 .
590 1644 629 1652 ..
668 1605 926 1652 defendisse
944 1642 1080 1651 .....
1118 1605 1253 1651 Nilei]
1284 1605 1431 1666 [laque
1465 1600 1729 1649 remitlentz'-

307 1691 413 1743 ubas
448 1692 588 1745 cem-225,
642 1688 857 1736 ancillari
891 1689 1143 1734 adulatione
1171 1687 1453 1748 posthabila,
1502 1703 1587 1748 qm(
1633 1702 1724 1730 elem

307 1774 529 1834 ,sprooeimz'
576 1774 641 1818 ad
687 1772 990 1817 (cncoem'lalem
1034 1769 1280 1833 fleclebanl
1330 1773 1374 1814 el
1405 1769 1572 1820 lamam,
1623 1766 1730 1812 satis

306 1855 553 1917 „omnibus
605 1853 905 1916 comparatis,
949 1857 1162 1898 octavum
1199 1850 1417 1896 kalendas
1453 1848 1601 1895 Julias
1636 1848 1729 1894 Au-

307 1937 653 2000 „gustodunum
706 1936 913 1999 pervenit
968 1935 1086 1981 velas
1135 1936 1225 1979 deca)
1276 1935 1512 1979 (hammus
1565 1931 1731 1977 viribus

309 2023 529 2075 (levamen-5
580 2025 624 2066 et
671 2021 864 2066 consiliis
915 2035 996 2081 per
1048 2017 1224 2062 diversa
1271 2015 1476 2078 palantes
1511 2013 1729 2061 barbaros

311 2103 419 2157 'subi
456 2103 654 2149 dedisset
691 2101 781 2148 fors
818 2101 995 2163 copiam
1033 2097 1380 2161 adgressurus.''

374 2185 500 2231 Haec
538 2185 735 2231 narratio
772 2189 993 2247 quantum
1032 2182 1170 2227 distat
1197 2181 1253 2227 ab
1284 2181 1353 2235 iis,
1383 2196 1495 2242 quac
1515 2179 1732 2225 Julianus

308 2269 363 2315 de
399 2268 545 2331 primo
583 2267 927 2330 expeditionum
966 2265 1182 2311 adversus
1219 2264 1467 2309 Germanos
1503 2278 1623 2307 anuo
1648 2277 1732 2307 nos

308 2352 465 2398 docuit
516 2351 562 2397 in
617 2349 810 2414 epistula
845 2349 901 2394 ad
937 2347 1269 2395 Athenienses!
1316 2346 1533 2407 Legimus
1570 2345 1633 2391 ibi
1670 2342 1732 2406 1);

310 2451 447 2487 [scum
481 2434 698 2480 trecentis
735 2438 780 2479 et
815 2431 1046 2493 sexaginta
1081 2429 1304 2475 militibus
1340 2427 1562 2491 proficisci
1594 2427 1734 2473 mein

314 2516 538 2571 0Gallias,
588 2532 705 2578 quae
738 2520 839 2561 tum
875 2519 1005 2559 erant
1041 2510 1359 2574 perturbatae.
1400 2510 1548 2556 media
1582 2509 1733 2555 hieme

312 2598 494 2654 ''iussitt
532 2615 615 2644 72072
652 2602 700 2643 ιιί
722 2596 985 2658 provinciae
1020 2596 1138 2640 illitas
1176 2593 1443 2639 exercitabas
1472 2594 1734 2650 imperarem

314 2683 485 2743 ηῃιαᾳῑῖς
538 2697 662 2742 qaam
716 2685 766 2726 ut
804 2681 977 2725 illorlm
1012 2677 1189 2723 (lacibus
1224 2675 1449 2721 subessent.
1505 2672 1731 2736 Scriptum

316 2763 467 2818 „enim
502 2763 553 2808 ad
588 2763 689 2809 illos
726 2762 873 2807 fuerat
910 2776 961 2806 ac
996 2759 1130 2822 plane
1168 2765 1416 2820 aperteque
1449 2755 1734 2809 mandatum,

375 2941 399 2988 ¹)
426 2954 486 2988 pg.
517 2941 587 2975 277
617 2941 660 2976 D.
