2242 3496
1223 391 1250 432 6

517 521 610 583 poli
658 526 702 566 et
750 519 1047 566 Nicomediae
1095 521 1362 577 educatum,
1416 523 1495 568 sed
1533 522 1722 568 interim
1757 539 1838 584 per
1873 539 1947 569 sex

517 619 661 649 annos
713 618 817 648 cum
872 602 1009 649 fratre
1066 603 1198 650 Gallo
1252 604 1290 648 in
1340 605 1573 666 praedium
1616 605 1864 651 Macellum
1900 605 1946 651 in

520 685 807 747 Cappadocia
843 703 985 748 prope
1026 687 1295 733 Caesaream
1332 688 1497 741 situm,
1537 687 1795 749 ablegatum
1834 704 1943 735 esse.

517 768 631 814 Inde
683 767 823 814 redux
861 768 1057 830 primum
1096 769 1531 834 Constantinopolin
1554 810 1563 827 ‚
1615 771 1779 817 deinde
1814 771 1949 818 Nico-

518 849 712 896 mediam
751 850 989 912 migravit‚
1023 851 1103 897 ubi
1137 852 1193 898 ab
1224 869 1262 898 a.
1301 852 1393 899 fere
1432 854 1525 899 349
1552 854 1772 916 usquead
1792 870 1830 899 a.
1854 854 1948 900 354

518 933 793 996 plerumque
835 932 971 995 degit.

585 1016 862 1062 Anno·35l
913 1015 1075 1062 Gallus
1111 1016 1286 1063 Orienti
1337 1019 1629 1081 praepositus
1664 1025 1729 1065 est
1774 1035 1800 1064 a
1835 1020 1952 1065 Con-

520 1098 716 1155 stantio,
775 1098 848 1145 cui
900 1104 1013 1145 tune
1066 1099 1234 1146 bellum
1289 1101 1542 1162 gerendum
1580 1102 1665 1148 fuit
1702 1119 1809 1149 cum
1853 1102 1951 1149 Ma—

517 1181 722 1243 gnentio.
799 1181 948 1228 Gallus
998 1187 1110 1227 tune
1162 1182 1316 1237 fratri,
1374 1184 1453 1245 qui
1506 1184 1616 1230 iam.
1650 1184 1696 1230 in
1734 1185 1951 1249 Bithynia

517 1263 678 1310 sedulo
714 1263 1026 1328 philosophiae
1065 1266 1324 1323 studuerat,
1363 1267 1588 1330 cuiusque
1625 1285 1754 1315 mens
1788 1268 1945 1314 iamin

516 1346 760 1408 antiquum
825 1346 1007 1394 deorum
1061 1348 1238 1395 cultum
1293 1350 1537 1412 vergebat,
1592 1350 1840 1406 concessit,
1894 1356 1947 1397 ut

521 1429 806 1491 aliquamdiu
844 1430 992 1476 sedem
1024 1447 1075 1477 ac
1111 1431 1396 1479 domicilium
1417 1432 1717 1479 constitueret
1736 1433 1952 1496 Pergami

522 1511 816 1574 Ephesique‚
855 1512 910 1558 ad
949 1513 1202 1560 audiendos
1234 1514 1554 1577 philosophos,
1577 1515 1655 1578 qui
1677 1532 1729 1562 eo
1751 1522 1959 1578 tempore

522 1594 631 1640 clari
678 1600 830 1651 erant,
886 1596 1166 1652 Aedesium,
1215 1596 1491 1653 Maximum,
1528 1597 1650 1644 alios.
1707 1598 1795 1655 Ibi,
1843 1615 1949 1645 cum

518 1682 637 1723 esset
680 1677 843 1740 viginti
880 1694 1023 1725 annos
1070 1683 1231 1734 natus,
1276 1684 1328 1725 ut
1375 1679 1473 1743 ipse
1508 1680 1698 1726 tradidit
1734 1681 1796 1744 1),
1835 1680 1948 1727 reli—
1980 1742 1984 1745 Ι

520 1759 702 1821 gionem
741 1759 1044 1807 Christianam
1081 1761 1293 1808 deseruit.

584 1841 743 1888 Fratre
791 1843 936 1889 occiso
998 1843 1214 1890 Julianus
1274 1844 1320 1889 in
1370 1843 1563 1890 crimina
1616 1851 1801 1891 vocatus
1849 1845 1951 1892 Me-

525 1923 758 1969 diolanum
812 1924 1016 1987 primum
1069 1925 1114 1971 in
1161 1925 1312 1972 aulam
1360 1925 1613 1981 abductus,
1663 1926 1743 1972 sed
1781 1926 1948 1973 deinde

514 2005 756 2053 absolutus
808 2007 1012 2054 Athenas
1050 2008 1209 2054 missus
1247 2014 1333 2065 est,
1373 2013 1558 2055 auctore
1597 2008 1795 2055 Eusebia
1832 2009 1944 2071 regi-

515 2106 598 2145 na,
659 2089 735 2136 cui
794 2099 952 2152 postea
1014 2090 1220 2137 oratione
1269 2091 1435 2154 gratias
1488 2091 1602 2153 egit,
1657 2091 1781 2155 quod
1818 2108 1946 2138 suam

521 2172 853 2236 omniumque,
909 2173 988 2236 qui
1030 2174 1203 2220 Graeca
1250 2173 1409 2237 lingua
1459 2179 1716 2230 uterentur,
1755 2174 1948 2237 patriam

518 2255 663 2302 visere
698 2256 785 2302 sibi
822 2256 988 2302 liceret.

583 2337 777 2385 Athenis
810 2338 853 2384 in
874 2337 1255 2401 philosophorum
1277 2344 1321 2385 et
1336 2339 1572 2386 rhetorum
1597 2339 1762 2385 scholis
1782 2338 1946 2386 studiis

513 2420 702 2476 vaeavit,
741 2420 821 2467 sed
861 2437 965 2467 mox
1014 2438 1039 2467 a
1077 2422 1350 2468 Constantio
1388 2428 1624 2469 revocatus
1650 2429 1732 2478 est,
1765 2428 1817 2469 ut
1837 2421 1948 2468 Cae-

514 2502 625 2549 saris
657 2503 846 2550 nomine
883 2509 1086 2559 ornatus,
1124 2504 1369 2567 imperium
1405 2505 1661 2552 Galliarum
1680 2505 1944 2568 susciperet.

581 2586 634 2631 A.
674 2586 717 2631 d.
757 2586 887 2632 VIII.
928 2586 1040 2633 Idus
1075 2586 1361 2633 Novembres
1397 2603 1434 2633 a.
1477 2589 1566 2633 355
1605 2587 1745 2649 igitur
1780 2587 1947 2634 Caesar

511 2667 805 2714 renuntiatus
844 2668 945 2714 Kal.
977 2669 1308 2715 Decembribus
1327 2669 1372 2715 in
1395 2669 1589 2716 Galliam
1611 2670 1842 2732 profectus
1862 2676 1941 2716 est.

579 2750 728 2797 Gallia
763 2751 853 2798 iam
892 2752 1000 2798 inde
1036 2751 1092 2798 ab
1131 2768 1250 2798 anno
1288 2754 1397 2808 350,
1436 2769 1527 2815 quo
1568 2769 1687 2800 anno
1726 2753 1946 2816 ll‘lagnen-

580 2924 603 2969 ¹)
632 2924 671 2957 in
701 2924 858 2969 epistula
890 2925 935 2958 ad
966 2924 1238 2959 Alexandrinos
1268 2925 1336 2970 (ep.
1369 2926 1426 2967 51,
1456 2926 1514 2971 sp.
1544 2938 1603 2971 pg.
1634 2926 1718 2967 4234,
1747 2926 1805 2972 D).
