1966 3288
881 215 899 227 ,φ

878 214 932 259 ol

255 346 316 390 3⁰.
355 344 477 390 hunc
513 343 688 390 fontem
733 360 821 389 non
857 342 998 388 fuisse
1031 342 1271 405 epistulam
1290 342 1347 389 ad
1367 343 1615 390 Athenien-

189 442 283 480 ses,
320 425 492 488 quippe
528 442 666 487 quain
703 425 977 472 Ammianus
1012 424 1243 487 cognitam
1275 441 1367 471 non
1390 426 1611 472 habuerit.

256 508 317 552 40.
377 507 676 554 Ammianum
735 514 776 554 et
833 506 1076 554 Libaniuni
1129 506 1326 553 eundem
1377 513 1614 554 auctorem

186 596 366 636 secutos
403 605 525 644 esse,
564 589 643 651 qui
680 589 797 635 solas
833 606 902 635 res
936 589 1110 636 Juliani
1146 590 1434 645 enarraverit,
1474 591 1607 637 Con-

191 671 346 718 stantii
384 671 566 717 silentio
597 672 964 734 praetermiserit.

257 757 315 800 50.
371 753 616 800 Libanium
671 760 901 816 praeterea
954 753 1148 816 epistula
1200 755 1254 800 ad
1308 754 1612 802 Athenienses

188 853 323 883 usum
359 852 456 882 esse
477 875 486 890 ,
540 853 632 898 quo
669 836 837 883 factum
874 852 991 891 esse,
1025 842 1071 882 ut
1107 852 1241 898 saepe
1280 853 1347 882 res
1383 846 1611 893 narraret,

189 935 306 981 quae
342 917 426 964 sibi
456 917 581 981 ipsae
618 924 940 980 repugnarent.

251 1000 593 1063 Discrepantiae
637 1007 820 1055 autem,
870 1017 986 1063 quae
1035 1007 1216 1047 exstant
1262 1001 1383 1046 inter
1422 1001 1612 1057 fontem,

186 1083 242 1129 de
290 1100 382 1146 quo
428 1082 633 1144 agimus,
672 1090 716 1129 et
746 1083 984 1146 epistulam
1020 1083 1075 1129 ad
1113 1083 1440 1138 AtheiiienseS‚
1479 1100 1612 1145 argu-

190 1172 346 1212 mento
399 1183 493 1212 esse
546 1183 633 1212 non
688 1173 902 1229 possunt,
960 1166 1322 1212 Commentarios
1368 1166 1468 1213 illos
1524 1184 1613 1213 non

190 1248 439 1304 exstitisset,
479 1265 604 1294 narn:

254 1333 313 1377 1⁰.
361 1330 435 1376 illa
492 1330 686 1394 epistula
737 1329 972 1393 apologiae
1024 1330 1122 1376 loco
1164 1336 1232 1377 est
1281 1337 1325 1376 et
1371 1331 1535 1393 raptim
1578 1332 1610 1395 1)

188 1413 466 1476 composita,

252 1498 312 1542 2⁰.
366 1495 411 1542 in
466 1495 616 1541 eadem
671 1495 867 1558 epistula
920 1496 1065 1542 multa
1115 1496 1438 1551 inveniuntur,
1494 1513 1610 1559 quae

185 1578 316 1625 nobis
353 1578 618 1633 ostendunt,
655 1578 917 1632 Julianum,
955 1595 1045 1640 quo
1082 1584 1282 1641 tempore
1312 1595 1410 1624 eam
1445 1578 1611 1625 scribe-

183 1667 273 1715 ret,
327 1660 618 1706 acerbissimo
670 1660 773 1706 odio
808 1660 854 1705 in
892 1660 1214 1706 Constantium
1250 1661 1423 1707 arsisse.
1478 1662 1608 1720 Quae

183 1743 446 1790 inimicitiae
482 1760 587 1790 cuin
622 1750 731 1789 ante
767 1743 811 1788 id
849 1751 1032 1806 tempus
1067 1742 1187 1789 inter
1221 1760 1299 1789 eos
1337 1760 1428 1789 non
1465 1743 1610 1789 exsti—

241 1953 264 2000 ¹)
292 1954 414 1989 Multa
441 1953 610 1998 exempla
637 1954 778 1993 extant,
816 1964 909 1996 quae
937 1953 1157 1987 documento
1185 1954 1285 1993 sunt,
1313 1952 1505 1987 ,lulianum
1535 1964 1609 1987 non

182 2021 270 2056 satis
298 2033 427 2067 operae
455 2020 690 2066 impendisse,
719 2022 761 2054 nt
788 2031 899 2064 quain
927 2020 1064 2064 optimc
1094 2020 1189 2054 hanc
1218 2019 1417 2064 epistulam
1452 2020 1611 2055 conseri-

182 2090 294 2125 beret.
337 2090 450 2135 Saepe
492 2090 591 2125 enim
633 2089 827 2123 verborum
869 2088 975 2124 series
1015 2090 1151 2123 temere
1178 2087 1462 2132 interrumpitur
1489 2087 1611 2133 longis

182 2157 388 2192 sententiis.
419 2157 471 2192 Cf.
499 2169 529 2192 e.
560 2169 594 2202 g.
624 2157 689 2201 Ep.
720 2157 765 2190 ad
796 2156 928 2190 Athen.
955 2168 1015 2201 pg.
1046 2157 1116 2190 271
1149 2156 1178 2189 A
1208 2157 1243 2191 et
1275 2156 1322 2190 B:

241 2223 481 2278 μὲτὲμέλησὲ
516 2227 593 2277 γὰρ
626 2230 764 2278 αυτῷ,
797 2225 920 2279 φασί,
944 2256 951 2263 .
978 2255 986 2263 .
1015 2256 1024 2264 .
1046 2255 1054 2263 .
1082 2255 1090 2263 .

244 2308 300 2342 et:
345 2304 475 2341 ταῦτα
509 2297 713 2351 ἐθρύλουν
748 2300 785 2337 οἱ
818 2302 907 2351 πέρὶ
942 2301 1015 2349 τὴν
1050 2296 1180 2349 αὐλὴν
1215 2300 1304 2337 τότε
1330 2328 1479 2339 .....

243 2383 299 2416 et:
342 2375 439 2427 ὀπί-ρ
473 2370 545 2415 οὖν
580 2374 698 2428 ἔφην,
732 2371 873 2424 ἔλεγον
908 2377 1085 2414 τοσαῦτα
1113 2403 1267 2413 .....

243 2458 299 2491 et:
342 2454 521 2490 τοσαῦτα
553 2452 650 2500 ήιιῖν
686 2446 854 2501 ἐπῇδον.

243 2525 280 2559 et
305 2535 364 2570 pg.
395 2524 466 2559 273
496 2523 526 2558 B
555 2525 592 2559 et
626 2524 670 2558 C:

242 2593 296 2639 ὡς
340 2588 411 2633 οὖν
455 2591 685 2643 αποφιγὼν
731 2591 865 2629 &miste
872 2606 892 2630 v
939 2592 1114 2642 ἄσκευος
1148 2591 1398 2644 ἐποοευόιιην
1433 2591 1498 2630 ἐπὶ
1534 2593 1608 2641 τὴν

185 2671 253 2719 τῆς
284 2669 432 2720 μητρός
467 2667 606 2707 ἑστίαν
633 2696 782 2707 .....

244 2773 400 2782 .....
435 2740 713 2793 πορευομένου
750 2738 792 2779 δὲ
827 2737 972 2781 λοιπόν
1008 2740 1072 2780 ἐπὶ
1108 2742 1182 2791 τὴν
1215 2740 1355 2781 ἑστίαν
1399 2737 1488 2780 κτλ.
