2242 3496
1178 360 1203 411 2

476 515 828 563 componerem,
876 498 955 562 qni
1003 498 1335 545 dissertationis
1372 497 1670 544 Academicae
1707 499 1823 545 fines
1859 505 1903 544 et

477 582 668 627 modum
705 582 839 643 longo
875 580 1124 627 excederet.

545 665 783 710 Praeterea
830 681 901 710 mc
939 680 1029 710 non
1071 663 1212 725 fugit,
1250 663 1303 709 ad
1339 662 1565 710 eiusmodi
1597 663 1766 709 librum
1803 679 1909 709 con-

479 746 772 792 scribendum
822 746 966 792 multo
1009 746 1113 809 plus
1159 746 1380 808 temporis
1417 746 1610 808 requiri,
1649 762 1786 808 quam
1822 745 1911 791 dis-

473 827 711 874 sertationi
771 828 1071 874 Academicae
1105 827 1311 890 impendi
1352 844 1554 890 aequum
1599 828 1669 874 sit.
1713 827 1905 873 Decrevi

472 910 612 972 igitur
642 927 827 973 parvam
862 919 1037 973 partem
1076 927 1234 957 earnm
1255 927 1433 965 rerum,
1454 927 1567 972 quas
1588 908 1904 970 investigando

475 993 792 1055 repperisscm,
831 992 1080 1039 Facultatis
1094 993 1375 1040 Litterarum
1398 1000 1441 1038 et
1464 992 1783 1055 Philosophiae
1804 1008 1903 1038 exa-

479 1074 593 1120 mini
629 1075 916 1122 submittere.

539 1158 592 1203 In
645 1157 798 1204 animo
851 1165 1007 1204 autem
1061 1169 1154 1214 est,
1209 1159 1402 1222 priorem
1454 1147 1633 1221 partem
1687 1157 1904 1204 historiae

477 1239 683 1297 Juliani,
729 1242 775 1288 in
813 1257 904 1304 qua
947 1243 1255 1289 narrationem
1305 1241 1360 1287 de
1396 1241 1640 1287 inventute
1678 1241 1911 1303 rebusque

478 1323 575 1369 eius
610 1323 656 1369 in
688 1324 835 1370 Gallia
865 1325 1004 1387 gestis
1034 1324 1361 1387 complexurus
1381 1340 1482 1369 sum
1503 1361 1510 1378 ,
1532 1323 1678 1386 patrio
1699 1340 1908 1370 sermone

476 1406 806 1469 conscriptam,
862 1407 980 1453 intra
1032 1406 1352 1453 brevissimum
1406 1406 1626 1469 temporis
1680 1405 1906 1468 spatium,

478 1488 651 1550 publici
687 1489 798 1535 iuris
834 1489 995 1536 facere.

543 1571 643 1617 Hac
697 1589 802 1618 vero
850 1572 1196 1627 dissertatione,
1246 1578 1298 1618 ut
1346 1588 1484 1633 snpra
1531 1570 1648 1626 dixi,
1696 1571 1752 1617 de
1801 1570 1908 1617 solis

476 1654 686 1701 fontibus
740 1655 1056 1718 disputaturus
1108 1671 1232 1708 sum,
1283 1671 1306 1700 e
1347 1653 1516 1716 quibus
1566 1653 1683 1699 vitae
1731 1653 1905 1700 Juliani

477 1737 639 1783 notitia
674 1737 840 1784 hausta
875 1737 1072 1784 videtur.

541 1820 723 1867 Primus
764 1820 930 1873 horum
982 1819 1182 1866 fontium
1234 1818 1432 1865 rationes
1469 1824 1513 1864 et
1546 1818 1904 1865 necessitudines

478 1902 708 1965 perspexit
761 1919 801 1948 v.
855 1902 896 1948 d.
950 1902 1012 1948 H.
1062 1902 1271 1957 Hecker,
1321 1901 1400 1963 qni
1447 1901 1585 1957 libro,
1634 1901 1707 1947 cni
1743 1901 1907 1947 titnius

481 1985 605 2037 ssan
649 1984 924 2031 Geschichte
975 1985 1054 2031 des
1108 1984 1294 2030 Kaisers
1347 1983 1587 2030 Julianns''
1627 1983 1657 2045 ยน)
1713 1983 1907 2046 probare

478 2077 670 2114 conatus
707 2074 774 2114 est
816 2068 906 2114 fere
942 2084 1100 2114 omnes
1137 2066 1404 2129 scriptores,
1442 2066 1521 2128 qni
1559 2082 1629 2111 res
1666 2083 1689 2112 a
1727 2065 1908 2112 Juliano

477 2148 524 2194 in
560 2149 705 2196 Gallia
742 2156 890 2212 gestas
930 2149 1209 2204 enarrarint,
1254 2166 1306 2194 ex
1341 2148 1487 2210 ipsius
1521 2148 1549 2193 J
1556 2147 1693 2194 uliani
1729 2147 1909 2209 scriptis

481 2230 701 2278 hausisse.

542 2316 664 2361 Ante
699 2315 855 2360 onmia
889 2314 1089 2361 ostendit
1124 2313 1299 2360 Juliani
1336 2311 1609 2375 apostasiam
1642 2312 1904 2374 primariam

474 2395 611 2442 fuisse
663 2413 847 2443 causam
893 2413 974 2443 cnr
1018 2402 1087 2443 tot
1128 2412 1284 2442 rernm
1342 2394 1584 2456 scriptores
1631 2393 1726 2440 eius
1763 2394 1903 2440 vitam

477 2484 737 2525 tractarent.

542 2562 750 2619 Quorum
786 2562 865 2624 qui
902 2561 1192 2608 ecclesiastici
1229 2561 1472 2623 scriptores
1508 2559 1745 2615 dicantur,
1781 2575 1904 2606 acer-

475 2644 664 2690 bissimo
699 2644 801 2690 odio
836 2645 1103 2707 flagrantes,
1136 2642 1427 2705 iniquissime
1449 2643 1504 2688 de
1525 2659 1577 2688 eo
1598 2642 1902 2698 existimasse,

530 2838 555 2883 ยน)
585 2838 950 2873 XVisscns-chaftliche
988 2838 1135 2883 Beilage
1173 2849 1252 2871 zum
1293 2837 1508 2881 Programm
1538 2837 1599 2870 des
1627 2836 1709 2881 ligi.
1741 2836 1908 2881 Gymna-

475 2906 587 2939 sinms
617 2918 659 2938 zu
688 2906 914 2939 Krcuznuch.
944 2905 1073 2939 Ostorii
1110 2904 1218 2938 1886.
