2242 3496
998 393 1024 438 7

292 527 384 574 tius
453 528 707 574 Constante
776 526 990 588 Augusto
1042 523 1283 569 interfecto
1336 520 1584 584 imperium
1634 521 1720 567 sibi

290 610 557 672 arripuerat,
600 608 916 654 invasionibus
955 607 1317 653 Alamannorum
1356 609 1400 650 et
1437 605 1716 650 Francorum

292 692 486 738 obnoxia
523 691 685 737 fuerat.

357 772 671 834 MagnentiuS,
725 788 828 818 euni
883 772 1101 817 adversus
1155 770 1482 817 Constantium
1520 768 1719 832 proficis-

290 860 482 911 ceretur,
535 855 661 901 fratri
698 854 920 901 Decentio
956 854 1136 900 Caesari
1172 870 1279 900 sane
1319 853 1626 908 mandaverat,
1667 858 1720 898 ut

291 955 448 985 eorum
485 937 742 984 invasiones
780 937 1039 999 repelleret,
1078 937 1156 982 sed
1192 936 1265 982 hie
1301 953 1326 981 a
1363 934 1719 990 Clinodomario,

289 1038 383 1067 uno
436 1021 645 1067 omnium
682 1020 926 1066 fortissimo
964 1036 1126 1081 regum
1164 1019 1528 1066 Alamannorum
1564 1016 1718 1079 profli-

295 1110 430 1166 gatus
463 1102 573 1150 erat.
613 1104 645 1165 s)

355 1187 464 1232 Post
500 1193 694 1233 mortem
732 1185 987 1247 lrlagnentii
1024 1191 1069 1231 et
1104 1184 1313 1230 Decentii
1367 1184 1465 1245 ipse
1495 1184 1717 1229 Constan-

289 1269 380 1315 tius
432 1269 562 1315 annis
617 1271 710 1315 354
748 1268 778 1330 ²)
836 1275 878 1314 et
934 1269 1025 1313 355
1064 1272 1095 1325 3)
1149 1283 1256 1312 cum
1310 1266 1553 1312 Germanis
1601 1264 1722 1310 bella

292 1358 492 1413 gesserat
546 1358 589 1398 et
641 1351 905 1407 Silvanum,
960 1350 1187 1396 hominem
1242 1349 1427 1395 natione
1475 1349 1720 1401 lf'raneuln,

293 1450 432 1496 quem
485 1434 570 1480 sibi
605 1433 750 1480 fidum
788 1451 886 1480 esse
923 1432 1237 1488 existimabat,
1276 1430 1546 1493 magistrum
1596 1429 1719 1491 pedi—

294 1522 387 1562 tum
427 1517 665 1563 Coloniam
703 1516 898 1562 miserat.

360 1599 450 1644 Hic
487 1606 639 1644 tamen
677 1598 800 1645 brevi
828 1604 929 1661 post
950 1597 1127 1643 insidiis
1151 1596 1441 1642 inimieorum
1462 1611 1715 1657 purpuram

296 1698 475 1727 sumere
527 1686 709 1727 coactus
763 1686 829 1727 est
880 1686 938 1736 et,
993 1697 1099 1725 eum
1137 1679 1275 1741 paulo
1312 1686 1414 1741 post
1450 1678 1717 1724 interfectus

294 1768 423 1819 esset,
460 1763 758 1809 Constantius
791 1763 962 1809 invitus
982 1761 1442 1831 fratrempatruelem
1464 1760 1718 1817 Julianum,

295 1846 378 1892 etsi
412 1847 476 1891 rei
513 1845 717 1892 militaris
753 1862 938 1907 prorsus
974 1846 1201 1908 ignarum,
1239 1844 1432 1891 Athenis
1452 1843 1721 1889 arcessitum

295 1929 478 1975 Gallicis
512 1929 648 1975 rebus
684 1928 912 1991 praefecit.

359 2011 528 2058 Merito
565 2019 717 2058 tamen
756 2011 795 2057 ei
835 2027 926 2057 non
964 2011 1136 2066 statim,
1175 2010 1255 2056 sed
1294 2008 1494 2056 secundo
1531 2009 1720 2054 demum

296 2110 431 2150 anno,
468 2100 704 2157 postquam
744 2093 1018 2149 ostenderat,
1040 2092 1150 2155 quid
1171 2092 1354 2146 valeret,
1376 2107 1556 2137 summa
1576 2091 1718 2152 impe-

296 2176 350 2222 rii
381 2177 553 2223 tributa
572 2183 637 2223 est
647 2199 656 2232 3
692 2185 799 2222 tune
819 2175 1114 2222 celeberrima
1132 2174 1207 2220 illa
1227 2190 1384 2235 pugna
1403 2173 1524 2235 apud
1548 2174 1722 2234 Argen-

297 2265 498 2306 toratum
535 2276 572 2305 a.
609 2261 699 2306 357
722 2259 978 2311 commissa,
1011 2257 1184 2304 clarum
1206 2273 1375 2303 nomen
1396 2256 1493 2302 eius
1512 2254 1721 2302 reddidit.

364 2341 538 2387 Deinde
573 2342 826 2387 Germanos
862 2357 954 2386 non
993 2339 1142 2386 solum
1179 2356 1202 2384 e
1239 2338 1388 2384 Gallia
1423 2337 1622 2401 propulit
1643 2337 1722 2383 sed

300 2423 451 2478 etiam,
488 2431 539 2470 ut
577 2441 652 2470 eos
687 2440 875 2485 prorsus
909 2422 1155 2485 subigeret,
1194 2427 1264 2467 ter
1296 2421 1511 2467 Rhenum
1534 2419 1726 2466 traiecit.

363 2505 591 2551 Paulatim
629 2513 782 2552 tamen
820 2504 1079 2552 Constantii
1115 2502 1561 2556 animusaJuliano,
1594 2501 1724 2547 cuius

303 2587 488 2633 nimiam
525 2588 777 2650 potentiam
816 2587 1021 2642 timebat,
1060 2592 1104 2632 et
1141 2585 1315 2632 meritis
1351 2585 1598 2640 invidebat,
1623 2584 1725 2630 alie-

361 2793 385 2840 ²)
414 2793 458 2828 cf.
488 2794 609 2828 Anim.
639 2793 804 2828 Marcell.
834 2792 932 2827 XVI.
966 2792 1059 2826 125.

361 2862 388 2907 ²)
417 2862 462 2895 cf.
492 2861 613 2895 Amin.
643 2862 741 2895 XIV.
775 2861 830 2893 10.

362 2929 387 2976 ³)
417 2929 461 2964 cf.
492 2929 611 2965 Amm.
642 2929 719 2964 XV.
749 2929 783 2962 Al.
