2242 3496
1225 382 1276 434 16

523 521 703 569 auxisse
756 522 952 580 videtur,
1005 539 1108 569 uam
1159 523 1372 569 Zosimus
1430 523 1570 569 trinas
1623 522 1947 570 tantummodo

521 606 693 652 litteras
729 605 1103 653 commemoravit
1142 606 1188 667 ¹).

587 689 638 734 In
694 689 841 734 media
894 695 1019 752 parte
1061 687 1305 750 fragmenti
1354 688 1582 751 Eunapii,
1636 689 1761 751 quod
1811 705 1949 752 supra

522 770 834 825 laudavimus,
887 771 1039 833 agitur
1087 771 1142 817 de
1190 770 1405 832 epistula,
1456 788 1595 834 quam
1638 771 1851 818 Julianus
1896 771 1946 818 ad

522 852 787 915 Cyllenium
833 852 1067 898 hominem
1101 869 1287 915 prorsus
1326 852 1538 915 ignotum
1559 853 1698 899 dedit.
1738 853 1949 917 Eunapio

520 943 704 981 auctore
756 935 970 981 Julianus
1024 935 1240 998 superbia
1294 935 1481 982 inflatus
1528 936 1720 982 aliorum
1762 936 1819 982 de
1855 937 1950 983 suis

520 1018 654 1064 rebus
690 1018 829 1080 gestis
866 1018 1033 1079 scripta
1069 1018 1324 1081 repudiavit
1362 1024 1406 1064 et
1442 1018 1539 1081 ipse
1567 1018 1687 1065 bella
1715 1036 1805 1065 ase
1823 1025 1951 1082 gesta

520 1100 765 1164 descripsit.

584 1184 669 1229 Illa
723 1183 917 1246 epistula
969 1190 1124 1231 autem
1167 1184 1224 1231 acl
1276 1184 1538 1247 Cyllenium
1597 1185 1738 1247 probe
1789 1185 1950 1232 distin-

518 1266 701 1328 guenda
753 1273 821 1313 est
873 1285 896 1314 a
943 1267 1118 1314 Juliani
1154 1267 1414 1314 narratione
1450 1284 1634 1330 pugnae
1671 1268 1948 1331 Argentora-

519 1349 679 1405 tensis,
718 1350 773 1396 de
810 1367 900 1413 qua
939 1350 1090 1413 agitur
1126 1350 1172 1396 in
1210 1350 1469 1413 fragmento
1498 1351 1582 1406 IX,
1618 1367 1722 1397 nam
1745 1351 1950 1398 siEuna·

519 1431 619 1493 pius
655 1432 764 1478 illud
794 1433 1073 1495 opuseulum
1106 1432 1273 1479 iterum
1306 1433 1546 1490 laudasset,
1586 1434 1631 1480 id
1671 1441 1792 1480 certe
1825 1451 1948 1481 more

517 1531 597 1560 suo
634 1515 814 1561 disertis
852 1516 1003 1562 verbis
1039 1515 1336 1578 significasset
1371 1516 1419 1578 ²).

582 1596 697 1642 Satis
749 1604 928 1644 Constat
982 1597 1122 1660 igitur
1174 1598 1384 1661 Eunapio
1422 1604 1540 1645 nota
1590 1598 1731 1645 fuisse
1775 1598 1947 1645 Juliani

517 1679 683 1741 scripta
722 1680 830 1726 haec
855 1703 862 1726 :

585 1764 642 1807 1⁰.
715 1763 1036 1809 Nam-ationem
1072 1780 1256 1825 pugnae
1292 1764 1346 1809 ad
1384 1765 1758 1826 Argentoratum.

581 1845 638 1889 2⁰.
708 1844 941 1906 Epistulas
990 1845 1047 1891 ad
1097 1845 1426 1902 Athenienses,
1478 1846 1759 1903 Corinthios,
1804 1849 1943 1894 Laee—

706 1926 997 1984 daemonios‚
1035 1928 1226 1974 fortasse
1262 1929 1398 1975 etiam
1436 1929 1561 1975 alias,

581 2011 640 2055 3⁰.
711 2009 968 2071 Epistulam
1006 2011 1063 2057 ad
1099 2011 1368 2074 Cyllenium.

581 2095 701 2139 Num
753 2099 907 2139 autem
954 2093 1031 2139 illa
1078 2095 1278 2141 narratio
1314 2112 1502 2157 pugnae
1539 2097 1941 2158 Argentoratensis

512 2175 632 2221 idem
670 2192 785 2238 opus
821 2175 956 2221 fuerit
988 2182 1126 2239 atque
1164 2176 1209 2222 id
1245 2177 1369 2239 quod
1406 2177 1544 2239 vulgo
1582 2179 1940 2226 Commentarios

512 2265 699 2313 vocent,
753 2258 902 2305 adhuc
952 2275 1045 2305 non
1102 2259 1258 2322 liquet.
1332 2260 1376 2306 Si
1431 2259 1520 2306 duo
1574 2260 1749 2307 diversa
1802 2279 1940 2325 opera

510 2340 710 2394 fuerunt,
750 2357 788 2386 v.
810 2341 852 2386 d.
875 2341 926 2387 L.
968 2341 1297 2388 Mendelssohn
1336 2342 1574 2399 assentior,
1596 2343 1675 2406 qui
1694 2345 1941 2392 contendat

510 2422 873 2470 Commentarios
907 2424 1009 2470 illos
1046 2424 1259 2487 Eunapio
1297 2424 1418 2471 haud
1457 2434 1590 2472 notos
1625 2426 1765 2472 fuisse
1800 2427 1850 2490 3).

570 2572 593 2618 ¹)
622 2573 646 2606 l.
677 2574 743 2607 ΙΙΙ.
773 2585 803 2607 c.
835 2575 878 2608 10
908 2576 927 2619 ξ
957 2575 991 2608 4.

568 2640 593 2686 ²)
622 2642 673 2675 Cf.
716 2642 927 2686 Eunapium
972 2643 1010 2677 in
1053 2643 1132 2677 vita
1173 2643 1329 2678 Maximi
1366 2656 1425 2689 pg.
1469 2646 1515 2679 53
1544 2646 1599 2680 ed.
1630 2646 1940 2691 XVyttenbaehii,

511 2713 573 2746 ubi
614 2714 657 2748 de
697 2715 846 2750 Juliano
888 2728 1000 2761 agens
1046 2716 1136 2751 haee
1185 2717 1310 2751 addit:
1354 2712 1409 2757 ui,-
1452 2712 1495 2752 ἐν
1530 2717 1613 2759 τοῖς
1649 2717 1734 2766 πὲρὶ
1773 2716 1932 2755 imnum

511 2780 843 2835 ἀναγέγραπται.

562 2855 586 2901 ⁷²)
631 2858 673 2902 In
701 2858 931 2893 Praefatione
959 2858 1133 2893 editionis
1160 2859 1237 2894 eins
1267 2860 1448 2896 Zosinieae
1479 2874 1537 2906 pg.
1567 2864 1682 2898 XLVI
1709 2864 1745 2899 iu
1777 2866 1933 2900 adnota-

511 2923 623 2958 tione.
