2242 3496
976 384 1034 436 13

356 516 564 582 Epistula
599 520 717 566 enim
753 520 808 566 ad
829 521 1104 578 Corinthios,
1137 540 1252 584 quae
1273 523 1454 570 Zosimo
1473 530 1655 571 auctore
1675 525 1706 586 1)

289 602 448 648 eodem
501 619 592 665 quo
628 603 826 665 epistula
857 603 912 649 ad
949 603 1252 651 Athenienses
1298 611 1504 669 tempore
1540 607 1706 669 scripta

287 690 379 739 est,
417 687 573 730 eadem
611 683 704 730 fere
741 690 952 731 tractasse
990 685 1098 731 mihi
1135 686 1326 744 videtur,
1364 688 1525 735 saltem
1555 689 1711 752 apolo—

284 766 383 827 giae
416 766 514 811 loeo
546 765 645 811 fuit.
686 766 862 822 Verba,
899 785 1018 830 quae
1054 769 1177 830 apud
1207 770 1443 817 Zosimum
1478 772 1565 818 ΠΙ.
1603 788 1639 818 e.
1664 775 1705 825 3,

285 852 306 906 ᾧ
350 851 376 894 2
429 848 668 909 leguntur:
735 849 857 902 (sdati
909 850 948 895 ei
1000 867 1025 896 a
1077 851 1348 899 Constantio
1384 854 1574 908 milites,
1630 855 1708 917 qui

289 947 510 983 „numero
541 931 730 976 trecenti
770 937 814 977 et
850 933 1087 995 sexaginta
1122 940 1262 980 erant.
1294 935 1417 981 Nihil
1448 936 1572 982 aliud
1599 937 1710 982 seie—

289 1011 453 1065 nbant,
491 1013 880 1075 quemadmodum
912 1014 1009 1077 ipse
1049 1015 1218 1062 alieubi
1249 1016 1374 1073 dicit,
1406 1018 1493 1064 nisi
1521 1024 1572 1064 ut
1592 1019 1708 1065 votis

288 1111 411 1147 „rein
459 1095 699 1156 gererent⁷’
734 1095 793 1153 ²),
849 1096 958 1142 haee
1006 1098 1143 1144 verba
1180 1100 1432 1146 ostendunt
1467 1101 1707 1148 -Julianum

285 1194 388 1222 eum
419 1176 529 1223 haee
565 1177 803 1232 scriberet,
841 1178 906 1224 ira
941 1185 984 1225 et
1017 1180 1121 1226 odio
1146 1180 1190 1226 in
1213 1181 1538 1229 Constantium
1558 1184 1707 1230 ineen-

287 1276 382 1305 sum
418 1259 573 1305 fuisse.
605 1260 709 1305 Non
748 1260 833 1305 nisi
864 1277 901 1306 a.
936 1263 1043 1317 361,
1075 1263 1245 1309 eumin
1267 1264 1586 1312 Constantium
1607 1284 1709 1329 pro-

283 1341 572 1396 ficisceretur,
610 1341 775 1404 scripta
809 1359 904 1388 esse
924 1351 1130 1405 possunt.
1169 1345 1311 1392 Recte
1330 1346 1470 1407 igitur
1491 1365 1529 1393 V.
1549 1365 1588 1394 v.
1604 1349 1645 1394 d.
1665 1349 1709 1395 d.

287 1423 498 1469 Hertlein
518 1423 549 1485 3)
594 1430 638 1469 et
673 1424 994 1470 Mendelssohn
1015 1427 1048 1487 4)
1089 1442 1139 1472 ea
1172 1428 1306 1473 verba
1324 1427 1377 1473 ad
1399 1428 1520 1475 illam
1543 1430 1710 1491 epistu-

285 1505 375 1551 lam
412 1505 627 1561 referunt,
663 1506 749 1552 nisi
780 1506 921 1562 forte,
958 1507 1003 1553 id
1042 1509 1180 1570 quod,
1220 1509 1255 1555 si
1287 1510 1433 1572 ipsam
1456 1528 1547 1557 rem
1570 1513 1709 1574 respi-

284 1587 386 1643 ciaS,
425 1605 515 1634 non
555 1588 710 1649 magni
740 1589 945 1643 interest,
967 1606 1017 1635 ex
1040 1591 1235 1652 epistula
1254 1592 1309 1638 ad
1330 1593 1707 1640 Lacedaemonios

284 1677 464 1733 sumpta
499 1677 617 1717 sunt.

347 1753 678 1799 Testimonium
717 1771 851 1817 supra
889 1755 1073 1800 allatum
1112 1756 1307 1819 Eunapii
1327 1757 1468 1819 igitur
1487 1758 1576 1804 iam
1598 1760 1705 1805 satis

282 1835 459 1898 probat,
487 1835 710 1882 exstitisse
740 1836 989 1899 aliquando
1017 1837 1235 1900 scriptun]
1258 1839 1487 1900 quoddam
1515 1840 1707 1896 «Iuliani,

279 1934 402 1963 nune
438 1917 754 1980 deperditum,
787 1918 844 1964 de
878 1935 1034 1980 pugna
1060 1921 1459 1982 Argentoratensi,
1481 1939 1537 1968 ne
1558 1923 1706 1970 dicam

285 2001 340 2045 de
375 1999 589 2059 omnibus
626 2000 756 2045 bellis
786 2001 1082 2047 Germanicis.

346 2082 555 2128 Alterum
588 2082 899 2144 fragmentum
938 2084 1134 2146 Eunapii
1165 2085 1295 2141 XIV,
1328 2089 1396 2144 §7
1435 2088 1494 2145 5)‚
1531 2088 1576 2134 in
1615 2106 1707 2151 quo

280 2165 336 2211 (le
372 2164 551 2226 scriptis
587 2164 760 2210 Juliani
797 2165 973 2226 agitur,
1005 2184 1111 2213 eum
1145 2167 1297 2214 minus
1317 2169 1610 2231 perspicuum
1634 2172 1709 2223 sit,

279 2246 655 2308 interpretatione
699 2247 897 2309 quadam
947 2257 1061 2311 eget.
1120 2249 1253 2307 Quod
1296 2250 1605 2313 fragmentum
1641 2253 1708 2299 his

279 2329 427 2374 verbis
461 2334 737 2391 conceptum
774 2338 870 2376 est:

335 2422 360 2469 ¹)
386 2423 409 2456 1.
439 2424 494 2458 III
522 2435 551 2457 e.
583 2424 629 2457 io
658 2425 678 2467 ἓ
707 2424 740 2457 4.
773 2425 825 2459 of.
854 2424 970 2459 etiam
1002 2425 1133 2460 Liban.
1168 2428 1183 2460 1
1214 2439 1272 2472 pg.
1302 2427 1388 2462 389.

335 2496 361 2542 ²)
389 2497 544 2533 Graece:
582 2493 620 2530 οἱ
652 2490 694 2530 δὲ
729 2493 841 2545 παρὰ
875 2495 1175 2534 ΛωΓσταντίου
1209 2494 1405 2543 δοθέντες
1435 2498 1562 2551 αὐτῷ,
1589 2514 1705 2551 τρια--

280 2567 405 2604 nomm
451 2568 517 2605 καὶ
563 2565 763 2617 ἑξήκοντα
806 2569 876 2608 τόν
920 2567 1098 2620 (igninum
1142 2571 1277 2623 buz-63,
1320 2572 1447 2622 μόνον
1492 2576 1709 2627 εὐχέσθω,

282 2643 474 2692 καθάπερ
507 2642 629 2688 αὐτό,-
662 2645 745 2682 ποιῖ
774 2656 911 2696 φησιν,
944 2642 1109 2696 ᾔδεσαν.
1154 2652 1291 2686 Eadem
1330 2656 1515 2691 sententia
1549 2657 1709 2692 occurrit

280 2714 377 2757 apud
406 2714 605 2749 Libanium
636 2717 652 2750 I
681 2728 740 2761 pg.
772 2718 855 2751 553.

336 2780 364 2825 ⁷¹)
394 2781 537 2826 Fragm.
569 2783 600 2816 7.
631 2784 706 2827 (pg.
737 2784 807 2817 608
840 2785 911 2829 Η).

335 2848 360 2893 )
389 2850 434 2883 ad
463 2849 595 2884 Zosimi
623 2852 678 2885 ed.
707 2863 766 2896 pg.
802 2853 883 2886 113.

333 2914 359 2961 5)
387 2928 446 2960 pg.
476 2917 525 2951 20
552 2919 607 2951 ed.
636 2919 816 2953 Muelleri.
