<?xml version="1.0" encoding="UTF-8"?>
<!DOCTYPE html PUBLIC "-//W3C//DTD XHTML 1.0 Transitional//EN"
    "http://www.w3.org/TR/xhtml1/DTD/xhtml1-transitional.dtd">
<html xmlns="http://www.w3.org/1999/xhtml" xml:lang="en" lang="en">
 <head>
  <title>
</title>
<meta http-equiv="Content-Type" content="text/html;charset=utf-8" />
  <meta name='ocr-system' content='tesseract 3.04.00' />
  <meta name='ocr-capabilities' content='ocr_page ocr_carea ocr_par ocr_line ocrx_word'/>
</head>
<body>
  <div class='ocr_page' id='page_1' title='image "./dejulianoimperat00kochuoft_0021.png"; bbox 0 0 2242 3496; ppageno 0'>
   <div class='ocr_carea' id='block_1_1' title="bbox 934 385 1014 443">
    <p class='ocr_par' dir='ltr' id='par_1_1' title="bbox 934 385 1014 443">
     <span class='ocr_line' id='line_1_1' title="bbox 934 385 1014 443; baseline 0 0"><span class='ocrx_word' id='word_1_1' title='bbox 934 385 936 387; x_wconf 74' lang='grc'><strong><em>’</em></strong></span> <span class='ocrx_word' id='word_1_2' title='bbox 988 401 1014 443; x_wconf 82' lang='lat'>9</span> 
     </span>
    </p>
   </div>
   <div class='ocr_carea' id='block_1_2' title="bbox 280 534 1712 1843">
    <p class='ocr_par' dir='ltr' id='par_1_2' title="bbox 282 534 1711 1015">
     <span class='ocr_line' id='line_1_2' title="bbox 282 534 1703 602; baseline 0.001 -18"><span class='ocrx_word' id='word_1_3' title='bbox 282 537 323 584; x_wconf 90' lang='lat' dir='ltr'>d.</span> <span class='ocrx_word' id='word_1_4' title='bbox 345 538 396 584; x_wconf 92' lang='lat' dir='ltr'>L.</span> <span class='ocrx_word' id='word_1_5' title='bbox 419 534 746 584; x_wconf 85' lang='lat' dir='ltr'>Mendelssohn</span> <span class='ocrx_word' id='word_1_6' title='bbox 767 551 873 581; x_wconf 89' lang='lat' dir='ltr'>eum</span> <span class='ocrx_word' id='word_1_7' title='bbox 889 539 981 582; x_wconf 89' lang='lat' dir='ltr'>tam</span> <span class='ocrx_word' id='word_1_8' title='bbox 997 537 1169 584; x_wconf 80' lang='lat' dir='ltr'>acerbis</span> <span class='ocrx_word' id='word_1_9' title='bbox 1184 539 1649 602; x_wconf 85' lang='lat' dir='ltr'>verbisimpugnaret.</span> <span class='ocrx_word' id='word_1_10' title='bbox 1673 540 1703 602; x_wconf 87' lang='grc'>1)</span> 
     </span>
     <span class='ocr_line' id='line_1_3' title="bbox 347 620 1709 684; baseline 0.002 -18"><span class='ocrx_word' id='word_1_11' title='bbox 347 622 473 675; x_wconf 82' lang='lat' dir='ltr'>Quae</span> <span class='ocrx_word' id='word_1_12' title='bbox 523 625 676 667; x_wconf 88' lang='lat' dir='ltr'>autem</span> <span class='ocrx_word' id='word_1_13' title='bbox 729 620 785 666; x_wconf 87' lang='lat' dir='ltr'>de</span> <span class='ocrx_word' id='word_1_14' title='bbox 838 621 1020 667; x_wconf 88' lang='lat' dir='ltr'>Zosimo</span> <span class='ocrx_word' id='word_1_15' title='bbox 1072 623 1284 684; x_wconf 75' lang='lat' dir='ltr'>exposuit</span> <span class='ocrx_word' id='word_1_16' title='bbox 1335 623 1577 670; x_wconf 86' lang='lat' dir='ltr'>Heckcrus</span> <span class='ocrx_word' id='word_1_17' title='bbox 1630 628 1709 669; x_wconf 91' lang='lat' dir='ltr'>aut</span> 
     </span>
     <span class='ocr_line' id='line_1_4' title="bbox 287 702 1710 759; baseline 0.003 -11"><span class='ocrx_word' id='word_1_18' title='bbox 287 702 397 749; x_wconf 90' lang='lat' dir='ltr'>falsa</span> <span class='ocrx_word' id='word_1_19' title='bbox 433 708 565 758; x_wconf 86' lang='lat' dir='ltr'>sunt,</span> <span class='ocrx_word' id='word_1_20' title='bbox 606 708 657 750; x_wconf 91' lang='lat' dir='ltr'>ut</span> <span class='ocrx_word' id='word_1_21' title='bbox 694 720 796 750; x_wconf 75' lang='lat' dir='ltr'>mox</span> <span class='ocrx_word' id='word_1_22' title='bbox 835 703 1187 759; x_wconf 82' lang='lat' dir='ltr'>demonstl·ab0‚</span> <span class='ocrx_word' id='word_1_23' title='bbox 1224 711 1304 752; x_wconf 90' lang='lat' dir='ltr'>aut</span> <span class='ocrx_word' id='word_1_24' title='bbox 1336 705 1581 752; x_wconf 81' lang='lat' dir='ltr'>remotiora</span> <span class='ocrx_word' id='word_1_25' title='bbox 1600 711 1710 752; x_wconf 86' lang='lat' dir='ltr'>sunt</span> 
     </span>
     <span class='ocr_line' id='line_1_5' title="bbox 286 785 1710 849; baseline 0.002 -18"><span class='ocrx_word' id='word_1_26' title='bbox 286 801 311 831; x_wconf 87' lang='lat' dir='ltr'>a</span> <span class='ocrx_word' id='word_1_27' title='bbox 346 802 447 832; x_wconf 89' lang='lat' dir='ltr'>meo</span> <span class='ocrx_word' id='word_1_28' title='bbox 483 785 742 848; x_wconf 84' lang='lat' dir='ltr'>proposito,</span> <span class='ocrx_word' id='word_1_29' title='bbox 782 803 910 849; x_wconf 87' lang='lat' dir='ltr'>quam</span> <span class='ocrx_word' id='word_1_30' title='bbox 949 802 1066 849; x_wconf 88' lang='lat' dir='ltr'>quae</span> <span class='ocrx_word' id='word_1_31' title='bbox 1102 786 1174 833; x_wconf 90' lang='lat' dir='ltr'>hic</span> <span class='ocrx_word' id='word_1_32' title='bbox 1210 787 1388 849; x_wconf 79' lang='lat' dir='ltr'>possint</span> <span class='ocrx_word' id='word_1_33' title='bbox 1433 787 1592 834; x_wconf 87' lang='lat' dir='ltr'>ordine</span> <span class='ocrx_word' id='word_1_34' title='bbox 1634 788 1710 834; x_wconf 89' lang='lat' dir='ltr'>de-</span> 
     </span>
     <span class='ocr_line' id='line_1_6' title="bbox 282 867 1711 926; baseline 0.003 -13"><span class='ocrx_word' id='word_1_35' title='bbox 282 867 429 913; x_wconf 82' lang='lat' dir='ltr'>scribi.</span> <span class='ocrx_word' id='word_1_36' title='bbox 485 868 615 926; x_wconf 79' lang='lat' dir='ltr'>Quae</span> <span class='ocrx_word' id='word_1_37' title='bbox 656 874 807 914; x_wconf 88' lang='lat' dir='ltr'>tamen</span> <span class='ocrx_word' id='word_1_38' title='bbox 847 868 955 914; x_wconf 90' lang='lat' dir='ltr'>vitia</span> <span class='ocrx_word' id='word_1_39' title='bbox 992 885 1084 915; x_wconf 86' lang='lat' dir='ltr'>nou</span> <span class='ocrx_word' id='word_1_40' title='bbox 1117 869 1343 916; x_wconf 88' lang='lat' dir='ltr'>eiusmodi</span> <span class='ocrx_word' id='word_1_41' title='bbox 1379 876 1487 916; x_wconf 89' lang='lat' dir='ltr'>sunt</span> <span class='ocrx_word' id='word_1_42' title='bbox 1535 877 1582 917; x_wconf 91' lang='lat' dir='ltr'>ut</span> <span class='ocrx_word' id='word_1_43' title='bbox 1619 887 1711 917; x_wconf 90' lang='lat' dir='ltr'>om-</span> 
     </span>
     <span class='ocr_line' id='line_1_7' title="bbox 285 949 1662 1015; baseline 0.002 -19"><span class='ocrx_word' id='word_1_44' title='bbox 285 966 389 996; x_wconf 85' lang='lat' dir='ltr'>nem</span> <span class='ocrx_word' id='word_1_45' title='bbox 426 950 558 996; x_wconf 86' lang='lat' dir='ltr'>fidem</span> <span class='ocrx_word' id='word_1_46' title='bbox 599 949 792 997; x_wconf 88' lang='lat' dir='ltr'>Heckeri</span> <span class='ocrx_word' id='word_1_47' title='bbox 828 950 1127 1014; x_wconf 82' lang='lat' dir='ltr'>disputationi</span> <span class='ocrx_word' id='word_1_48' title='bbox 1165 952 1329 999; x_wconf 85' lang='lat' dir='ltr'>merito</span> <span class='ocrx_word' id='word_1_49' title='bbox 1365 953 1662 1015; x_wconf 83' lang='lat' dir='ltr'>denegemus.</span> 
     </span>
    </p>

    <p class='ocr_par' dir='ltr' id='par_1_3' title="bbox 280 1033 1712 1494">
     <span class='ocr_line' id='line_1_8' title="bbox 347 1033 1710 1098; baseline 0.003 -20"><span class='ocrx_word' id='word_1_50' title='bbox 347 1033 505 1079; x_wconf 86' lang='lat' dir='ltr'>Unum</span> <span class='ocrx_word' id='word_1_51' title='bbox 546 1033 644 1080; x_wconf 89' lang='lat' dir='ltr'>eius</span> <span class='ocrx_word' id='word_1_52' title='bbox 683 1050 828 1096; x_wconf 89' lang='lat' dir='ltr'>paene</span> <span class='ocrx_word' id='word_1_53' title='bbox 864 1033 1055 1080; x_wconf 84' lang='lat' dir='ltr'>dixerim</span> <span class='ocrx_word' id='word_1_54' title='bbox 1091 1034 1332 1081; x_wconf 89' lang='lat' dir='ltr'>ridiculum</span> <span class='ocrx_word' id='word_1_55' title='bbox 1370 1052 1568 1082; x_wconf 88' lang='lat' dir='ltr'>errorem</span> <span class='ocrx_word' id='word_1_56' title='bbox 1607 1052 1710 1098; x_wconf 89' lang='lat' dir='ltr'>pro-</span> 
     </span>
     <span class='ocr_line' id='line_1_9' title="bbox 280 1101 1712 1180; baseline 0.003 -19"><span class='ocrx_word' id='word_1_57' title='bbox 280 1101 468 1172; x_wconf 40' lang='grc' dir='ltr'>16111111,μ</span> <span class='ocrx_word' id='word_1_58' title='bbox 497 1116 608 1163; x_wconf 82' lang='lat' dir='ltr'>alios</span> <span class='ocrx_word' id='word_1_59' title='bbox 656 1134 735 1163; x_wconf 88' lang='lat' dir='ltr'>suo</span> <span class='ocrx_word' id='word_1_60' title='bbox 773 1117 872 1162; x_wconf 91' lang='lat' dir='ltr'>loco</span> <span class='ocrx_word' id='word_1_61' title='bbox 919 1116 1099 1162; x_wconf 83' lang='lat' dir='ltr'>notabo.</span> <span class='ocrx_word' id='word_1_62' title='bbox 1154 1117 1263 1179; x_wconf 90' lang='lat' dir='ltr'>Pag.</span> <span class='ocrx_word' id='word_1_63' title='bbox 1304 1116 1440 1180; x_wconf 71' lang='lat'>11²)</span> <span class='ocrx_word' id='word_1_64' title='bbox 1480 1120 1712 1166; x_wconf 83' lang='lat' dir='ltr'>contendit</span> 
     </span>
     <span class='ocr_line' id='line_1_10' title="bbox 286 1199 1708 1265; baseline 0.003 -21"><span class='ocrx_word' id='word_1_65' title='bbox 286 1199 610 1246; x_wconf 88' lang='lat' dir='ltr'>Constantium</span> <span class='ocrx_word' id='word_1_66' title='bbox 649 1216 803 1246; x_wconf 87' lang='lat' dir='ltr'>mense</span> <span class='ocrx_word' id='word_1_67' title='bbox 838 1199 961 1246; x_wconf 88' lang='lat' dir='ltr'>Maio</span> <span class='ocrx_word' id='word_1_68' title='bbox 998 1216 1036 1245; x_wconf 82' lang='lat' dir='ltr'>a.</span> <span class='ocrx_word' id='word_1_69' title='bbox 1076 1201 1168 1246; x_wconf 84' lang='lat'>356</span> <span class='ocrx_word' id='word_1_70' title='bbox 1207 1200 1383 1246; x_wconf 85' lang='lat' dir='ltr'>Romae</span> <span class='ocrx_word' id='word_1_71' title='bbox 1420 1200 1708 1265; x_wconf 85' lang='lat' dir='ltr'>triumphum</span> 
     </span>
     <span class='ocr_line' id='line_1_11' title="bbox 282 1281 1707 1345; baseline 0.004 -19"><span class='ocrx_word' id='word_1_72' title='bbox 282 1281 452 1343; x_wconf 83' lang='lat' dir='ltr'>egisse,</span> <span class='ocrx_word' id='word_1_73' title='bbox 509 1282 631 1328; x_wconf 88' lang='lat' dir='ltr'>unde</span> <span class='ocrx_word' id='word_1_74' title='bbox 683 1281 857 1345; x_wconf 84' lang='lat' dir='ltr'>colligit</span> <span class='ocrx_word' id='word_1_75' title='bbox 895 1281 1192 1328; x_wconf 89' lang='lat' dir='ltr'>Ammianum</span> <span class='ocrx_word' id='word_1_76' title='bbox 1228 1283 1284 1328; x_wconf 90' lang='lat' dir='ltr'>de</span> <span class='ocrx_word' id='word_1_77' title='bbox 1320 1283 1498 1330; x_wconf 84' lang='lat' dir='ltr'>Helena</span> <span class='ocrx_word' id='word_1_78' title='bbox 1537 1284 1707 1331; x_wconf 60' lang='lat' dir='ltr'>„Iuliani</span> 
     </span>
     <span class='ocr_line' id='line_1_12' title="bbox 284 1364 1707 1428; baseline 0.003 -18"><span class='ocrx_word' id='word_1_79' title='bbox 284 1381 424 1411; x_wconf 82' lang='lat' dir='ltr'>uxore</span> <span class='ocrx_word' id='word_1_80' title='bbox 479 1364 697 1427; x_wconf 86' lang='lat' dir='ltr'>quaedam</span> <span class='ocrx_word' id='word_1_81' title='bbox 749 1381 981 1420; x_wconf 87' lang='lat' dir='ltr'>narrasse,</span> <span class='ocrx_word' id='word_1_82' title='bbox 1030 1364 1198 1427; x_wconf 91' lang='lat' dir='ltr'>quibus</span> <span class='ocrx_word' id='word_1_83' title='bbox 1234 1365 1335 1428; x_wconf 89' lang='lat' dir='ltr'>ipsa</span> <span class='ocrx_word' id='word_1_84' title='bbox 1372 1372 1536 1414; x_wconf 86' lang='lat' dir='ltr'>natura</span> <span class='ocrx_word' id='word_1_85' title='bbox 1573 1368 1707 1415; x_wconf 87' lang='lat' dir='ltr'>recla-</span> 
     </span>
     <span class='ocr_line' id='line_1_13' title="bbox 282 1446 480 1494; baseline 0.01 -2"><span class='ocrx_word' id='word_1_86' title='bbox 282 1446 480 1494; x_wconf 87' lang='lat' dir='ltr'>mitaret.</span> 
     </span>
    </p>

    <p class='ocr_par' dir='ltr' id='par_1_4' title="bbox 280 1527 1710 1843">
     <span class='ocr_line' id='line_1_14' title="bbox 347 1527 1709 1592; baseline 0.004 -17"><span class='ocrx_word' id='word_1_87' title='bbox 347 1530 622 1576; x_wconf 83' lang='lat' dir='ltr'>Ammianus</span> <span class='ocrx_word' id='word_1_88' title='bbox 670 1535 826 1576; x_wconf 86' lang='lat' dir='ltr'>autem</span> <span class='ocrx_word' id='word_1_89' title='bbox 870 1536 1023 1577; x_wconf 87' lang='lat' dir='ltr'>narrat</span> <span class='ocrx_word' id='word_1_90' title='bbox 1059 1527 1118 1592; x_wconf 69' lang='grc'>3),</span> <span class='ocrx_word' id='word_1_91' title='bbox 1170 1529 1415 1578; x_wconf 88' lang='lat' dir='ltr'>Eusebiam</span> <span class='ocrx_word' id='word_1_92' title='bbox 1452 1534 1621 1580; x_wconf 88' lang='lat' dir='ltr'>Romae</span> <span class='ocrx_word' id='word_1_93' title='bbox 1656 1551 1709 1580; x_wconf 94' lang='lat' dir='ltr'>eo</span> 
     </span>
     <span class='ocr_line' id='line_1_15' title="bbox 280 1613 1710 1678; baseline 0.003 -20"><span class='ocrx_word' id='word_1_94' title='bbox 280 1615 486 1676; x_wconf 84' lang='lat' dir='ltr'>tempore</span> <span class='ocrx_word' id='word_1_95' title='bbox 537 1613 740 1660; x_wconf 83' lang='lat' dir='ltr'>Helenae</span> <span class='ocrx_word' id='word_1_96' title='bbox 777 1613 1038 1661; x_wconf 86' lang='lat' dir='ltr'>insidiatam</span> <span class='ocrx_word' id='word_1_97' title='bbox 1089 1633 1212 1672; x_wconf 90' lang='lat' dir='ltr'>esse,</span> <span class='ocrx_word' id='word_1_98' title='bbox 1269 1632 1461 1678; x_wconf 87' lang='lat' dir='ltr'>eamque</span> <span class='ocrx_word' id='word_1_99' title='bbox 1498 1616 1710 1663; x_wconf 75' lang='lat' dir='ltr'>inlexisse</span> 
     </span>
     <span class='ocr_line' id='line_1_16' title="bbox 286 1695 1704 1762; baseline 0.004 -22"><span class='ocrx_word' id='word_1_100' title='bbox 286 1700 338 1740; x_wconf 91' lang='lat' dir='ltr'>ut</span> <span class='ocrx_word' id='word_1_101' title='bbox 384 1711 614 1742; x_wconf 85' lang='lat' dir='ltr'>venenum</span> <span class='ocrx_word' id='word_1_102' title='bbox 649 1695 851 1753; x_wconf 82' lang='lat' dir='ltr'>biberet,</span> <span class='ocrx_word' id='word_1_103' title='bbox 890 1702 940 1743; x_wconf 92' lang='lat' dir='ltr'>ut</span> <span class='ocrx_word' id='word_1_104' title='bbox 975 1697 1362 1761; x_wconf 86' lang='lat' dir='ltr'>quotiescumque</span> <span class='ocrx_word' id='word_1_105' title='bbox 1397 1698 1704 1762; x_wconf 86' lang='lat' dir='ltr'>concepisset,</span> 
     </span>
     <span class='ocr_line' id='line_1_17' title="bbox 283 1777 1706 1843; baseline 0.004 -20"><span class='ocrx_word' id='word_1_106' title='bbox 283 1777 497 1824; x_wconf 86' lang='lat' dir='ltr'>abortum</span> <span class='ocrx_word' id='word_1_107' title='bbox 548 1777 728 1826; x_wconf 80' lang='lat' dir='ltr'>faceret.</span> <span class='ocrx_word' id='word_1_108' title='bbox 786 1779 931 1841; x_wconf 77' lang='lat' dir='ltr'>„Nam</span> <span class='ocrx_word' id='word_1_109' title='bbox 983 1787 1028 1827; x_wconf 89' lang='lat' dir='ltr'>et</span> <span class='ocrx_word' id='word_1_110' title='bbox 1063 1780 1240 1843; x_wconf 87' lang='lat' dir='ltr'>pridem</span> <span class='ocrx_word' id='word_1_111' title='bbox 1277 1780 1323 1826; x_wconf 90' lang='lat' dir='ltr'>in</span> <span class='ocrx_word' id='word_1_112' title='bbox 1361 1780 1576 1838; x_wconf 74' lang='lat' dir='ltr'>Galliis,&#39;&#39;</span> <span class='ocrx_word' id='word_1_113' title='bbox 1615 1781 1706 1838; x_wconf 89' lang='lat' dir='ltr'>ait,</span> 
     </span>
    </p>
   </div>
   <div class='ocr_carea' id='block_1_3' title="bbox 283 1882 541 1888">
    <p class='ocr_par' dir='ltr' id='par_1_5' title="bbox 283 1882 541 1888">
     <span class='ocr_line' id='line_1_18' title="bbox 283 1882 541 1888; baseline 0 0"><span class='ocrx_word' id='word_1_114' title='bbox 283 1882 541 1888; x_wconf 95' lang='lat' dir='ltr'> </span> 
     </span>
    </p>
   </div>
   <div class='ocr_carea' id='block_1_4' title="bbox 285 1923 1715 2857">
    <p class='ocr_par' dir='ltr' id='par_1_6' title="bbox 285 1923 1715 2515">
     <span class='ocr_line' id='line_1_19' title="bbox 339 1923 1711 1971; baseline 0.003 -14"><span class='ocrx_word' id='word_1_115' title='bbox 339 1923 365 1968; x_wconf 85' lang='lat'>¹)</span> <span class='ocrx_word' id='word_1_116' title='bbox 394 1924 438 1957; x_wconf 88' lang='lat' dir='ltr'>In</span> <span class='ocrx_word' id='word_1_117' title='bbox 454 1923 685 1959; x_wconf 78' lang='lat' dir='ltr'>Praefatione</span> <span class='ocrx_word' id='word_1_118' title='bbox 712 1924 886 1959; x_wconf 82' lang='lat' dir='ltr'>editionis</span> <span class='ocrx_word' id='word_1_119' title='bbox 917 1924 1069 1967; x_wconf 73' lang='lat' dir='ltr'>Zosimi7</span> <span class='ocrx_word' id='word_1_120' title='bbox 1093 1924 1133 1958; x_wconf 86' lang='lat' dir='ltr'>in</span> <span class='ocrx_word' id='word_1_121' title='bbox 1158 1924 1399 1960; x_wconf 80' lang='lat' dir='ltr'>adnotatione</span> <span class='ocrx_word' id='word_1_122' title='bbox 1429 1926 1474 1959; x_wconf 81' lang='lat' dir='ltr'>ad</span> <span class='ocrx_word' id='word_1_123' title='bbox 1503 1937 1562 1971; x_wconf 79' lang='lat' dir='ltr'>pg.</span> <span class='ocrx_word' id='word_1_124' title='bbox 1592 1926 1711 1968; x_wconf 74' lang='lat' dir='ltr'>XLV,</span> 
     </span>
     <span class='ocr_line' id='line_1_20' title="bbox 291 1990 1715 2041; baseline 0.001 -16"><span class='ocrx_word' id='word_1_125' title='bbox 291 1990 354 2025; x_wconf 79' lang='lat' dir='ltr'>ubi</span> <span class='ocrx_word' id='word_1_126' title='bbox 382 1991 492 2026; x_wconf 82' lang='lat' dir='ltr'>hacc:</span> <span class='ocrx_word' id='word_1_127' title='bbox 527 1991 681 2033; x_wconf 80' lang='lat' dir='ltr'>«Quodsi</span> <span class='ocrx_word' id='word_1_128' title='bbox 715 2004 757 2027; x_wconf 83' lang='lat' dir='ltr'>ea</span> <span class='ocrx_word' id='word_1_129' title='bbox 785 1992 1003 2027; x_wconf 71' lang='lat' dir='ltr'>concordia»</span> <span class='ocrx_word' id='word_1_130' title='bbox 1037 1993 1149 2041; x_wconf 78' lang='lat' dir='ltr'>(inter</span> <span class='ocrx_word' id='word_1_131' title='bbox 1176 1993 1418 2028; x_wconf 79' lang='lat' dir='ltr'>Ammianum</span> <span class='ocrx_word' id='word_1_132' title='bbox 1447 1994 1484 2027; x_wconf 84' lang='lat' dir='ltr'>ct</span> <span class='ocrx_word' id='word_1_133' title='bbox 1513 1993 1715 2040; x_wconf 83' lang='lat' dir='ltr'>Zosimum)</span> 
     </span>
     <span class='ocr_line' id='line_1_21' title="bbox 286 2059 1713 2106; baseline 0.004 -16"><span class='ocrx_word' id='word_1_134' title='bbox 286 2071 392 2093; x_wconf 78' lang='lat' dir='ltr'>«cum</span> <span class='ocrx_word' id='word_1_135' title='bbox 448 2060 613 2094; x_wconf 84' lang='lat' dir='ltr'>Heckero</span> <span class='ocrx_word' id='word_1_136' title='bbox 668 2059 891 2104; x_wconf 75' lang='lat' dir='ltr'>explicanda</span> <span class='ocrx_word' id='word_1_137' title='bbox 932 2060 980 2095; x_wconf 72' lang='lat' dir='ltr'>sit</span> <span class='ocrx_word' id='word_1_138' title='bbox 1019 2073 1061 2097; x_wconf 90' lang='lat' dir='ltr'>co</span> <span class='ocrx_word' id='word_1_139' title='bbox 1102 2062 1200 2106; x_wconf 82' lang='lat' dir='ltr'>quod</span> <span class='ocrx_word' id='word_1_140' title='bbox 1241 2061 1383 2096; x_wconf 75' lang='lat' dir='ltr'>‚Iuliani</span> <span class='ocrx_word' id='word_1_141' title='bbox 1425 2062 1713 2097; x_wconf 81' lang='lat' dir='ltr'>commentarios</span> 
     </span>
     <span class='ocr_line' id='line_1_22' title="bbox 289 2127 1711 2174; baseline 0.003 -14"><span class='ocrx_word' id='word_1_142' title='bbox 289 2128 465 2172; x_wconf 78' lang='lat' dir='ltr'>«uterque</span> <span class='ocrx_word' id='word_1_143' title='bbox 494 2127 737 2171; x_wconf 75' lang='lat' dir='ltr'>expilaverit‚</span> <span class='ocrx_word' id='word_1_144' title='bbox 767 2139 910 2164; x_wconf 80' lang='lat' dir='ltr'>necesso</span> <span class='ocrx_word' id='word_1_145' title='bbox 939 2131 994 2164; x_wconf 84' lang='lat' dir='ltr'>cst</span> <span class='ocrx_word' id='word_1_146' title='bbox 1026 2131 1067 2164; x_wconf 91' lang='lat' dir='ltr'>ut</span> <span class='ocrx_word' id='word_1_147' title='bbox 1094 2129 1246 2164; x_wconf 83' lang='lat' dir='ltr'>Juliano</span> <span class='ocrx_word' id='word_1_148' title='bbox 1273 2130 1418 2174; x_wconf 80' lang='lat' dir='ltr'>praeter</span> <span class='ocrx_word' id='word_1_149' title='bbox 1447 2129 1539 2163; x_wconf 81' lang='lat' dir='ltr'>alias</span> <span class='ocrx_word' id='word_1_150' title='bbox 1554 2129 1711 2164; x_wconf 84' lang='lat' dir='ltr'>virtutes</span> 
     </span>
     <span class='ocr_line' id='line_1_23' title="bbox 285 2195 1711 2244; baseline 0.004 -16"><span class='ocrx_word' id='word_1_151' title='bbox 285 2195 417 2230; x_wconf 82' lang='lat' dir='ltr'>«etiam</span> <span class='ocrx_word' id='word_1_152' title='bbox 448 2207 490 2230; x_wconf 78' lang='lat' dir='ltr'>ea</span> <span class='ocrx_word' id='word_1_153' title='bbox 520 2195 696 2241; x_wconf 83' lang='lat' dir='ltr'>obtigerit</span> <span class='ocrx_word' id='word_1_154' title='bbox 724 2197 767 2230; x_wconf 92' lang='lat' dir='ltr'>ut</span> <span class='ocrx_word' id='word_1_155' title='bbox 796 2208 868 2231; x_wconf 89' lang='lat' dir='ltr'>non</span> <span class='ocrx_word' id='word_1_156' title='bbox 896 2197 1018 2232; x_wconf 85' lang='lat' dir='ltr'>solum</span> <span class='ocrx_word' id='word_1_157' title='bbox 1046 2197 1145 2232; x_wconf 81' lang='lat' dir='ltr'>vitae</span> <span class='ocrx_word' id='word_1_158' title='bbox 1174 2198 1235 2232; x_wconf 82' lang='lat' dir='ltr'>sed</span> <span class='ocrx_word' id='word_1_159' title='bbox 1265 2197 1379 2232; x_wconf 82' lang='lat' dir='ltr'>etiam</span> <span class='ocrx_word' id='word_1_160' title='bbox 1407 2200 1525 2233; x_wconf 75' lang='lat' dir='ltr'>mortis</span> <span class='ocrx_word' id='word_1_161' title='bbox 1548 2200 1711 2244; x_wconf 73' lang='lat' dir='ltr'>propriae</span> 
     </span>
     <span class='ocr_line' id='line_1_24' title="bbox 291 2263 1712 2312; baseline 0.002 -15"><span class='ocrx_word' id='word_1_162' title='bbox 291 2270 476 2298; x_wconf 74' lang='lat' dir='ltr'>«narrator</span> <span class='ocrx_word' id='word_1_163' title='bbox 517 2263 672 2299; x_wconf 67' lang='lat' dir='ltr'>fuerit.»</span> <span class='ocrx_word' id='word_1_164' title='bbox 717 2266 754 2299; x_wconf 88' lang='lat' dir='ltr'>et</span> <span class='ocrx_word' id='word_1_165' title='bbox 793 2264 831 2298; x_wconf 91' lang='lat' dir='ltr'>in</span> <span class='ocrx_word' id='word_1_166' title='bbox 862 2265 950 2300; x_wconf 79' lang='lat' dir='ltr'>fine:</span> <span class='ocrx_word' id='word_1_167' title='bbox 986 2265 1076 2307; x_wconf 80' lang='lat' dir='ltr'>«Qui</span> <span class='ocrx_word' id='word_1_168' title='bbox 1106 2267 1169 2311; x_wconf 83' lang='lat' dir='ltr'>(sc.</span> <span class='ocrx_word' id='word_1_169' title='bbox 1204 2265 1423 2300; x_wconf 79' lang='lat' dir='ltr'>Ammianus</span> <span class='ocrx_word' id='word_1_170' title='bbox 1455 2267 1491 2301; x_wconf 85' lang='lat' dir='ltr'>et</span> <span class='ocrx_word' id='word_1_171' title='bbox 1520 2265 1712 2312; x_wconf 85' lang='lat' dir='ltr'>Libanius)</span> 
     </span>
     <span class='ocr_line' id='line_1_25' title="bbox 287 2332 1713 2376; baseline 0.003 -12"><span class='ocrx_word' id='word_1_172' title='bbox 287 2343 402 2376; x_wconf 79' lang='lat' dir='ltr'>«quae</span> <span class='ocrx_word' id='word_1_173' title='bbox 431 2332 475 2366; x_wconf 86' lang='lat' dir='ltr'>de</span> <span class='ocrx_word' id='word_1_174' title='bbox 507 2332 615 2367; x_wconf 83' lang='lat' dir='ltr'>bellis</span> <span class='ocrx_word' id='word_1_175' title='bbox 648 2332 877 2368; x_wconf 80' lang='lat' dir='ltr'>Germanicis</span> <span class='ocrx_word' id='word_1_176' title='bbox 904 2334 1065 2375; x_wconf 81' lang='lat' dir='ltr'>habent,</span> <span class='ocrx_word' id='word_1_177' title='bbox 1099 2346 1226 2370; x_wconf 74' lang='lat' dir='ltr'>revera</span> <span class='ocrx_word' id='word_1_178' title='bbox 1254 2333 1371 2369; x_wconf 81' lang='lat' dir='ltr'>redire</span> <span class='ocrx_word' id='word_1_179' title='bbox 1399 2335 1445 2369; x_wconf 79' lang='lat' dir='ltr'>ad</span> <span class='ocrx_word' id='word_1_180' title='bbox 1473 2334 1614 2369; x_wconf 81' lang='lat' dir='ltr'>Juliani</span> <span class='ocrx_word' id='word_1_181' title='bbox 1629 2334 1713 2369; x_wconf 85' lang='lat' dir='ltr'>illos</span> 
     </span>
     <span class='ocr_line' id='line_1_26' title="bbox 286 2400 1713 2447; baseline 0.005 -16"><span class='ocrx_word' id='word_1_182' title='bbox 286 2400 599 2435; x_wconf 78' lang='lat' dir='ltr'>«Commentarios</span> <span class='ocrx_word' id='word_1_183' title='bbox 640 2401 742 2445; x_wconf 86' lang='lat' dir='ltr'>prius</span> <span class='ocrx_word' id='word_1_184' title='bbox 785 2415 896 2447; x_wconf 80' lang='lat' dir='ltr'>quam</span> <span class='ocrx_word' id='word_1_185' title='bbox 935 2403 1102 2447; x_wconf 83' lang='lat' dir='ltr'>credam,</span> <span class='ocrx_word' id='word_1_186' title='bbox 1133 2402 1294 2438; x_wconf 79' lang='lat' dir='ltr'>firmiora</span> <span class='ocrx_word' id='word_1_187' title='bbox 1322 2401 1468 2446; x_wconf 82' lang='lat' dir='ltr'>requiro</span> <span class='ocrx_word' id='word_1_188' title='bbox 1496 2404 1713 2447; x_wconf 78' lang='lat' dir='ltr'>argumenta</span> 
     </span>
     <span class='ocr_line' id='line_1_27' title="bbox 291 2470 1144 2515; baseline 0.006 -15"><span class='ocrx_word' id='word_1_189' title='bbox 291 2479 426 2511; x_wconf 79' lang='lat' dir='ltr'>«quam</span> <span class='ocrx_word' id='word_1_190' title='bbox 454 2481 547 2513; x_wconf 84' lang='lat' dir='ltr'>quae</span> <span class='ocrx_word' id='word_1_191' title='bbox 578 2470 624 2504; x_wconf 81' lang='lat' dir='ltr'>ab</span> <span class='ocrx_word' id='word_1_192' title='bbox 656 2470 823 2506; x_wconf 80' lang='lat' dir='ltr'>Heckero</span> <span class='ocrx_word' id='word_1_193' title='bbox 849 2471 996 2515; x_wconf 77' lang='lat' dir='ltr'>prolata</span> <span class='ocrx_word' id='word_1_194' title='bbox 1024 2472 1144 2505; x_wconf 87' lang='lat' dir='ltr'>sunt.»</span> 
     </span>
    </p>

    <p class='ocr_par' dir='ltr' id='par_1_7' title="bbox 285 2534 1713 2857">
     <span class='ocr_line' id='line_1_28' title="bbox 341 2534 1713 2584; baseline 0.003 -15"><span class='ocrx_word' id='word_1_195' title='bbox 341 2534 366 2578; x_wconf 73' lang='grc'>2)</span> <span class='ocrx_word' id='word_1_196' title='bbox 398 2536 540 2571; x_wconf 82' lang='lat' dir='ltr'>Hecker</span> <span class='ocrx_word' id='word_1_197' title='bbox 572 2538 743 2573; x_wconf 81' lang='lat' dir='ltr'>«Julian»</span> <span class='ocrx_word' id='word_1_198' title='bbox 775 2538 899 2584; x_wconf 81' lang='lat' dir='ltr'>inquit</span> <span class='ocrx_word' id='word_1_199' title='bbox 933 2537 1079 2574; x_wconf 84' lang='lat' dir='ltr'>«wurde</span> <span class='ocrx_word' id='word_1_200' title='bbox 1097 2539 1193 2572; x_wconf 79' lang='lat' dir='ltr'>nach</span> <span class='ocrx_word' id='word_1_201' title='bbox 1211 2537 1403 2572; x_wconf 79' lang='lat' dir='ltr'>Ammians</span> <span class='ocrx_word' id='word_1_202' title='bbox 1418 2538 1713 2584; x_wconf 74' lang='lat' dir='ltr'>eigenerErziih-</span> 
     </span>
     <span class='ocr_line' id='line_1_29' title="bbox 285 2604 1711 2648; baseline 0.003 -11"><span class='ocrx_word' id='word_1_203' title='bbox 285 2604 398 2648; x_wconf 76' lang='lat' dir='ltr'>«lung</span> <span class='ocrx_word' id='word_1_204' title='bbox 426 2604 475 2638; x_wconf 86' lang='lat' dir='ltr'>im</span> <span class='ocrx_word' id='word_1_205' title='bbox 511 2606 718 2641; x_wconf 85' lang='lat' dir='ltr'>November</span> <span class='ocrx_word' id='word_1_206' title='bbox 751 2607 821 2641; x_wconf 81' lang='lat'>355</span> <span class='ocrx_word' id='word_1_207' title='bbox 857 2606 926 2641; x_wconf 88' lang='lat' dir='ltr'>mit</span> <span class='ocrx_word' id='word_1_208' title='bbox 960 2607 1112 2646; x_wconf 79' lang='lat' dir='ltr'>Helena,</span> <span class='ocrx_word' id='word_1_209' title='bbox 1145 2607 1207 2641; x_wconf 79' lang='lat' dir='ltr'>der</span> <span class='ocrx_word' id='word_1_210' title='bbox 1242 2606 1518 2642; x_wconf 73' lang='lat' dir='ltr'>Schwesterdes</span> <span class='ocrx_word' id='word_1_211' title='bbox 1533 2607 1711 2642; x_wconf 81' lang='lat' dir='ltr'>Constan-</span> 
     </span>
     <span class='ocr_line' id='line_1_30' title="bbox 289 2672 1711 2719; baseline 0.002 -13"><span class='ocrx_word' id='word_1_212' title='bbox 289 2672 398 2718; x_wconf 82' lang='lat' dir='ltr'>«tius,</span> <span class='ocrx_word' id='word_1_213' title='bbox 444 2675 640 2709; x_wconf 66' lang='lat' dir='ltr'>vermiihlt.</span> <span class='ocrx_word' id='word_1_214' title='bbox 683 2675 738 2709; x_wconf 89' lang='lat' dir='ltr'>Im</span> <span class='ocrx_word' id='word_1_215' title='bbox 767 2675 841 2709; x_wconf 78' lang='lat' dir='ltr'>Mai</span> <span class='ocrx_word' id='word_1_216' title='bbox 873 2676 944 2709; x_wconf 79' lang='lat'>556</span> <span class='ocrx_word' id='word_1_217' title='bbox 979 2675 1107 2710; x_wconf 82' lang='lat' dir='ltr'>feierte</span> <span class='ocrx_word' id='word_1_218' title='bbox 1136 2674 1373 2710; x_wconf 85' lang='lat' dir='ltr'>Constantius</span> <span class='ocrx_word' id='word_1_219' title='bbox 1401 2674 1508 2709; x_wconf 81' lang='lat' dir='ltr'>einen</span> <span class='ocrx_word' id='word_1_220' title='bbox 1531 2675 1711 2719; x_wconf 86' lang='lat' dir='ltr'>Triumph</span> 
     </span>
     <span class='ocr_line' id='line_1_31' title="bbox 286 2741 1710 2785; baseline 0.003 -11"><span class='ocrx_word' id='word_1_221' title='bbox 286 2741 346 2775; x_wconf 80' lang='lat' dir='ltr'>«in</span> <span class='ocrx_word' id='word_1_222' title='bbox 375 2742 480 2785; x_wconf 85' lang='lat' dir='ltr'>Rom,</span> <span class='ocrx_word' id='word_1_223' title='bbox 510 2742 569 2777; x_wconf 85' lang='lat' dir='ltr'>bei</span> <span class='ocrx_word' id='word_1_224' title='bbox 598 2743 681 2778; x_wconf 86' lang='lat' dir='ltr'>dem</span> <span class='ocrx_word' id='word_1_225' title='bbox 710 2743 804 2777; x_wconf 83' lang='lat' dir='ltr'>auch</span> <span class='ocrx_word' id='word_1_226' title='bbox 833 2743 974 2778; x_wconf 83' lang='lat' dir='ltr'>Helena</span> <span class='ocrx_word' id='word_1_227' title='bbox 1000 2743 1038 2777; x_wconf 87' lang='lat' dir='ltr'>in</span> <span class='ocrx_word' id='word_1_228' title='bbox 1067 2743 1129 2778; x_wconf 81' lang='lat' dir='ltr'>der</span> <span class='ocrx_word' id='word_1_229' title='bbox 1159 2742 1267 2777; x_wconf 77' lang='lat' dir='ltr'>Stadt</span> <span class='ocrx_word' id='word_1_230' title='bbox 1298 2753 1384 2776; x_wconf 84' lang='lat' dir='ltr'>war.</span> <span class='ocrx_word' id='word_1_231' title='bbox 1414 2743 1540 2777; x_wconf 84' lang='lat' dir='ltr'>Davon</span> <span class='ocrx_word' id='word_1_232' title='bbox 1570 2743 1710 2778; x_wconf 66' lang='lat' dir='ltr'>erzahlt</span> 
     </span>
     <span class='ocr_line' id='line_1_32' title="bbox 288 2809 1708 2857; baseline 0.001 -13"><span class='ocrx_word' id='word_1_233' title='bbox 288 2822 386 2844; x_wconf 76' lang='lat' dir='ltr'>«nun</span> <span class='ocrx_word' id='word_1_234' title='bbox 427 2810 600 2845; x_wconf 86' lang='lat' dir='ltr'>Ammian</span> <span class='ocrx_word' id='word_1_235' title='bbox 643 2812 718 2857; x_wconf 81' lang='lat'>(16.</span> <span class='ocrx_word' id='word_1_236' title='bbox 764 2813 821 2845; x_wconf 81' lang='lat'>10.</span> <span class='ocrx_word' id='word_1_237' title='bbox 867 2811 910 2845; x_wconf 84' lang='lat'>18</span> <span class='ocrx_word' id='word_1_238' title='bbox 952 2811 993 2856; x_wconf 88' lang='lat' dir='ltr'>f.)</span> <span class='ocrx_word' id='word_1_239' title='bbox 1035 2810 1115 2846; x_wconf 84' lang='lat' dir='ltr'>eine</span> <span class='ocrx_word' id='word_1_240' title='bbox 1144 2809 1383 2851; x_wconf 76' lang='lat' dir='ltr'>Gesehichte‚</span> <span class='ocrx_word' id='word_1_241' title='bbox 1413 2809 1470 2845; x_wconf 82' lang='lat' dir='ltr'>die</span> <span class='ocrx_word' id='word_1_242' title='bbox 1499 2810 1611 2844; x_wconf 82' lang='lat' dir='ltr'>sehon</span> <span class='ocrx_word' id='word_1_243' title='bbox 1638 2811 1708 2845; x_wconf 83' lang='lat' dir='ltr'>den</span> 
     </span>
    </p>
   </div>
   <div class='ocr_carea' id='block_1_5' title="bbox 291 2878 949 2991">
    <p class='ocr_par' dir='ltr' id='par_1_8' title="bbox 291 2878 949 2991">
     <span class='ocr_line' id='line_1_33' title="bbox 291 2878 923 2923; baseline -0.002 -12"><span class='ocrx_word' id='word_1_244' title='bbox 291 2878 605 2923; x_wconf 83' lang='lat' dir='ltr'>«Naturgesctzen</span> <span class='ocrx_word' id='word_1_245' title='bbox 632 2878 923 2923; x_wconf 80' lang='lat' dir='ltr'>widerspricht.»</span> 
     </span>
     <span class='ocr_line' id='line_1_34' title="bbox 345 2944 949 2991; baseline 0 -11"><span class='ocrx_word' id='word_1_246' title='bbox 345 2944 371 2991; x_wconf 76' lang='lat'>3)</span> <span class='ocrx_word' id='word_1_247' title='bbox 402 2945 424 2980; x_wconf 86' lang='lat'>1.</span> <span class='ocrx_word' id='word_1_248' title='bbox 452 2946 550 2981; x_wconf 88' lang='lat' dir='ltr'><strong>XVI.</strong></span> <span class='ocrx_word' id='word_1_249' title='bbox 580 2958 610 2981; x_wconf 88' lang='lat' dir='ltr'>c.</span> <span class='ocrx_word' id='word_1_250' title='bbox 641 2947 698 2981; x_wconf 87' lang='grc'>10.</span> <span class='ocrx_word' id='word_1_251' title='bbox 728 2947 771 2991; x_wconf 58' lang='grc' dir='ltr'>ἐξ</span> <span class='ocrx_word' id='word_1_252' title='bbox 802 2946 859 2981; x_wconf 86' lang='grc'>18.</span> <span class='ocrx_word' id='word_1_253' title='bbox 892 2946 949 2980; x_wconf 87' lang='grc'>19.</span> 
     </span>
    </p>
   </div>
  </div>
 </body>
</html>
