<?xml version="1.0" encoding="UTF-8"?>
<!DOCTYPE html PUBLIC "-//W3C//DTD XHTML 1.0 Transitional//EN"
    "http://www.w3.org/TR/xhtml1/DTD/xhtml1-transitional.dtd">
<html xmlns="http://www.w3.org/1999/xhtml" xml:lang="en" lang="en">
 <head>
  <title>
</title>
<meta http-equiv="Content-Type" content="text/html;charset=utf-8" />
  <meta name='ocr-system' content='tesseract 3.04.00' />
  <meta name='ocr-capabilities' content='ocr_page ocr_carea ocr_par ocr_line ocrx_word'/>
</head>
<body>
  <div class='ocr_page' id='page_1' title='image "./dejulianoimperat00kochuoft_0017.png"; bbox 0 0 2242 3496; ppageno 0'>
   <div class='ocr_carea' id='block_1_1' title="bbox 271 407 1704 2742">
    <p class='ocr_par' dir='ltr' id='par_1_1' title="bbox 975 407 998 451">
     <span class='ocr_line' id='line_1_1' title="bbox 975 407 998 451; baseline 0 0"><span class='ocrx_word' id='word_1_1' title='bbox 975 407 998 451; x_wconf 89' lang='lat'>5</span> 
     </span>
    </p>

    <p class='ocr_par' dir='ltr' id='par_1_2' title="bbox 274 537 1704 927">
     <span class='ocr_line' id='line_1_2' title="bbox 341 537 1704 599; baseline 0.002 -17"><span class='ocrx_word' id='word_1_2' title='bbox 341 537 482 583; x_wconf 83' lang='lat' dir='ltr'>Haud</span> <span class='ocrx_word' id='word_1_3' title='bbox 519 542 670 582; x_wconf 86' lang='lat' dir='ltr'>tamen</span> <span class='ocrx_word' id='word_1_4' title='bbox 711 537 798 583; x_wconf 86' lang='lat' dir='ltr'>iam</span> <span class='ocrx_word' id='word_1_5' title='bbox 836 537 892 583; x_wconf 88' lang='lat' dir='ltr'>de</span> <span class='ocrx_word' id='word_1_6' title='bbox 930 537 1128 583; x_wconf 82' lang='lat' dir='ltr'>fontibus</span> <span class='ocrx_word' id='word_1_7' title='bbox 1166 554 1298 599; x_wconf 81' lang='lat' dir='ltr'>agere</span> <span class='ocrx_word' id='word_1_8' title='bbox 1334 538 1380 583; x_wconf 91' lang='lat' dir='ltr'>in</span> <span class='ocrx_word' id='word_1_9' title='bbox 1419 538 1572 584; x_wconf 87' lang='lat' dir='ltr'>animo</span> <span class='ocrx_word' id='word_1_10' title='bbox 1605 544 1672 585; x_wconf 89' lang='lat' dir='ltr'>est</span> <span class='ocrx_word' id='word_1_11' title='bbox 1694 577 1704 594; x_wconf 93' lang='lat'><strong><em>,</em></strong></span> 
     </span>
     <span class='ocr_line' id='line_1_3' title="bbox 275 619 1701 682; baseline 0.003 -19"><span class='ocrx_word' id='word_1_12' title='bbox 275 619 355 680; x_wconf 80' lang='lat' dir='ltr'>qui</span> <span class='ocrx_word' id='word_1_13' title='bbox 396 620 452 665; x_wconf 87' lang='lat' dir='ltr'>ad</span> <span class='ocrx_word' id='word_1_14' title='bbox 502 623 642 664; x_wconf 84' lang='lat' dir='ltr'>totam</span> <span class='ocrx_word' id='word_1_15' title='bbox 691 619 864 665; x_wconf 86' lang='lat' dir='ltr'>Juliani</span> <span class='ocrx_word' id='word_1_16' title='bbox 903 620 1043 665; x_wconf 87' lang='lat' dir='ltr'>vitam</span> <span class='ocrx_word' id='word_1_17' title='bbox 1082 620 1339 682; x_wconf 81' lang='lat' dir='ltr'>pertinent3</span> <span class='ocrx_word' id='word_1_18' title='bbox 1378 621 1701 668; x_wconf 88' lang='lat' dir='ltr'>tantummodo</span> 
     </span>
     <span class='ocr_line' id='line_1_4' title="bbox 275 701 1698 765; baseline 0.003 -19"><span class='ocrx_word' id='word_1_19' title='bbox 275 701 331 747; x_wconf 88' lang='lat' dir='ltr'>de</span> <span class='ocrx_word' id='word_1_20' title='bbox 367 701 420 747; x_wconf 88' lang='lat' dir='ltr'>iis</span> <span class='ocrx_word' id='word_1_21' title='bbox 457 701 695 757; x_wconf 72' lang='lat' dir='ltr'>disseram,</span> <span class='ocrx_word' id='word_1_22' title='bbox 737 702 861 748; x_wconf 89' lang='lat' dir='ltr'>unde</span> <span class='ocrx_word' id='word_1_23' title='bbox 898 703 1061 749; x_wconf 88' lang='lat' dir='ltr'>notitia</span> <span class='ocrx_word' id='word_1_24' title='bbox 1098 719 1248 748; x_wconf 83' lang='lat' dir='ltr'>rerum</span> <span class='ocrx_word' id='word_1_25' title='bbox 1287 703 1343 749; x_wconf 89' lang='lat' dir='ltr'>ab</span> <span class='ocrx_word' id='word_1_26' title='bbox 1383 720 1435 750; x_wconf 88' lang='lat' dir='ltr'>eo</span> <span class='ocrx_word' id='word_1_27' title='bbox 1467 708 1698 765; x_wconf 79' lang='lat' dir='ltr'>gestarum</span> 
     </span>
     <span class='ocr_line' id='line_1_5' title="bbox 274 783 1700 848; baseline 0.004 -20"><span class='ocrx_word' id='word_1_28' title='bbox 274 783 525 829; x_wconf 86' lang='lat' dir='ltr'>haurienda</span> <span class='ocrx_word' id='word_1_29' title='bbox 578 790 646 829; x_wconf 88' lang='lat' dir='ltr'>est</span> <span class='ocrx_word' id='word_1_30' title='bbox 686 801 832 847; x_wconf 83' lang='lat' dir='ltr'>usque</span> <span class='ocrx_word' id='word_1_31' title='bbox 886 787 941 831; x_wconf 89' lang='lat' dir='ltr'>ad</span> <span class='ocrx_word' id='word_1_32' title='bbox 992 786 1036 831; x_wconf 88' lang='lat' dir='ltr'>id</span> <span class='ocrx_word' id='word_1_33' title='bbox 1075 792 1285 848; x_wconf 86' lang='lat' dir='ltr'>tempus,</span> <span class='ocrx_word' id='word_1_34' title='bbox 1318 803 1409 848; x_wconf 81' lang='lat' dir='ltr'>quo</span> <span class='ocrx_word' id='word_1_35' title='bbox 1453 787 1700 848; x_wconf 79' lang='lat' dir='ltr'><strong>Augustali</strong></span> 
     </span>
     <span class='ocr_line' id='line_1_6' title="bbox 274 865 829 927; baseline 0.005 -17"><span class='ocrx_word' id='word_1_36' title='bbox 274 865 496 927; x_wconf 74' lang='lat' dir='ltr'>dignitate</span> <span class='ocrx_word' id='word_1_37' title='bbox 533 873 719 913; x_wconf 86' lang='lat' dir='ltr'>ornatus</span> <span class='ocrx_word' id='word_1_38' title='bbox 749 874 829 913; x_wconf 87' lang='lat' dir='ltr'>est.</span> 
     </span>
    </p>

    <p class='ocr_par' dir='ltr' id='par_1_3' title="bbox 272 949 1703 1177">
     <span class='ocr_line' id='line_1_7' title="bbox 338 949 1703 1014; baseline 0.004 -20"><span class='ocrx_word' id='word_1_39' title='bbox 338 949 400 994; x_wconf 90' lang='lat' dir='ltr'>Ut</span> <span class='ocrx_word' id='word_1_40' title='bbox 447 954 598 995; x_wconf 89' lang='lat' dir='ltr'>autem</span> <span class='ocrx_word' id='word_1_41' title='bbox 638 966 755 1011; x_wconf 84' lang='lat' dir='ltr'>quae</span> <span class='ocrx_word' id='word_1_42' title='bbox 793 949 1114 1012; x_wconf 86' lang='lat' dir='ltr'>disputaturus</span> <span class='ocrx_word' id='word_1_43' title='bbox 1145 968 1245 997; x_wconf 84' lang='lat' dir='ltr'>Sum</span> <span class='ocrx_word' id='word_1_44' title='bbox 1295 953 1460 998; x_wconf 88' lang='lat' dir='ltr'>melius</span> <span class='ocrx_word' id='word_1_45' title='bbox 1497 953 1703 1014; x_wconf 78' lang='lat' dir='ltr'>intellegi</span> 
     </span>
     <span class='ocr_line' id='line_1_8' title="bbox 273 1031 1701 1096; baseline 0.003 -20"><span class='ocrx_word' id='word_1_46' title='bbox 273 1031 476 1092; x_wconf 76' lang='lat' dir='ltr'>possint,</span> <span class='ocrx_word' id='word_1_47' title='bbox 526 1032 664 1077; x_wconf 83' lang='lat' dir='ltr'>vitain</span> <span class='ocrx_word' id='word_1_48' title='bbox 701 1031 876 1078; x_wconf 77' lang='lat' dir='ltr'>Juliani</span> <span class='ocrx_word' id='word_1_49' title='bbox 913 1049 1061 1094; x_wconf 85' lang='lat' dir='ltr'>usque</span> <span class='ocrx_word' id='word_1_50' title='bbox 1098 1033 1151 1079; x_wconf 85' lang='lat' dir='ltr'>ad</span> <span class='ocrx_word' id='word_1_51' title='bbox 1188 1034 1234 1079; x_wconf 92' lang='lat' dir='ltr'>id</span> <span class='ocrx_word' id='word_1_52' title='bbox 1271 1041 1455 1096; x_wconf 86' lang='lat' dir='ltr'>tempus</span> <span class='ocrx_word' id='word_1_53' title='bbox 1493 1035 1619 1081; x_wconf 87' lang='lat' dir='ltr'>brevi</span> <span class='ocrx_word' id='word_1_54' title='bbox 1657 1035 1701 1080; x_wconf 91' lang='lat' dir='ltr'>in</span> 
     </span>
     <span class='ocr_line' id='line_1_9' title="bbox 272 1100 1258 1177; baseline 0.003 -18"><span class='ocrx_word' id='word_1_55' title='bbox 272 1100 519 1176; x_wconf 87' lang='lat' dir='ltr'>conspectu</span> <span class='ocrx_word' id='word_1_56' title='bbox 556 1115 751 1177; x_wconf 82' lang='lat' dir='ltr'>positam</span> <span class='ocrx_word' id='word_1_57' title='bbox 789 1114 916 1177; x_wconf 86' lang='lat' dir='ltr'>operi</span> <span class='ocrx_word' id='word_1_58' title='bbox 955 1115 1258 1177; x_wconf 78' lang='lat' dir='ltr'>praemittam.</span> 
     </span>
    </p>

    <p class='ocr_par' dir='ltr' id='par_1_4' title="bbox 271 1196 1704 1751">
     <span class='ocr_line' id='line_1_10' title="bbox 338 1196 1700 1260; baseline 0.001 -17"><span class='ocrx_word' id='word_1_59' title='bbox 338 1196 520 1243; x_wconf 83' lang='lat' dir='ltr'>Flavius</span> <span class='ocrx_word' id='word_1_60' title='bbox 567 1197 785 1243; x_wconf 82' lang='lat' dir='ltr'>Claudius</span> <span class='ocrx_word' id='word_1_61' title='bbox 835 1197 1049 1243; x_wconf 81' lang='lat' dir='ltr'>Julianus</span> <span class='ocrx_word' id='word_1_62' title='bbox 1086 1215 1123 1244; x_wconf 89' lang='lat' dir='ltr'>a.</span> <span class='ocrx_word' id='word_1_63' title='bbox 1163 1199 1255 1245; x_wconf 83' lang='lat'>331</span> <span class='ocrx_word' id='word_1_64' title='bbox 1296 1198 1700 1260; x_wconf 73' lang='lat' dir='ltr'>Constantinopoli</span> 
     </span>
     <span class='ocr_line' id='line_1_11' title="bbox 272 1279 1700 1342; baseline 0 -16"><span class='ocrx_word' id='word_1_65' title='bbox 272 1286 406 1326; x_wconf 85' lang='lat' dir='ltr'>natus</span> <span class='ocrx_word' id='word_1_66' title='bbox 444 1287 510 1325; x_wconf 89' lang='lat' dir='ltr'>est</span> <span class='ocrx_word' id='word_1_67' title='bbox 546 1279 673 1325; x_wconf 82' lang='lat' dir='ltr'>Julio</span> <span class='ocrx_word' id='word_1_68' title='bbox 710 1279 1010 1334; x_wconf 80' lang='lat' dir='ltr'>Constantio,</span> <span class='ocrx_word' id='word_1_69' title='bbox 1044 1280 1336 1326; x_wconf 85' lang='lat' dir='ltr'>Constantini</span> <span class='ocrx_word' id='word_1_70' title='bbox 1357 1281 1517 1342; x_wconf 84' lang='lat' dir='ltr'>Magni</span> <span class='ocrx_word' id='word_1_71' title='bbox 1537 1281 1700 1335; x_wconf 77' lang='lat' dir='ltr'>fratre,</span> 
     </span>
     <span class='ocr_line' id='line_1_12' title="bbox 271 1361 1699 1425; baseline 0.001 -17"><span class='ocrx_word' id='word_1_72' title='bbox 271 1369 315 1408; x_wconf 90' lang='lat' dir='ltr'>et</span> <span class='ocrx_word' id='word_1_73' title='bbox 351 1362 552 1408; x_wconf 77' lang='lat' dir='ltr'>Basilina</span> <span class='ocrx_word' id='word_1_74' title='bbox 585 1361 865 1424; x_wconf 85' lang='lat' dir='ltr'>parentibus.</span> <span class='ocrx_word' id='word_1_75' title='bbox 912 1361 1061 1408; x_wconf 81' lang='lat' dir='ltr'>Mater</span> <span class='ocrx_word' id='word_1_76' title='bbox 1097 1363 1252 1425; x_wconf 87' lang='lat' dir='ltr'>paucis</span> <span class='ocrx_word' id='word_1_77' title='bbox 1292 1364 1525 1409; x_wconf 87' lang='lat' dir='ltr'>mensibus</span> <span class='ocrx_word' id='word_1_78' title='bbox 1564 1368 1699 1424; x_wconf 88' lang='lat' dir='ltr'>post—</span> 
     </span>
     <span class='ocr_line' id='line_1_13' title="bbox 272 1444 1701 1508; baseline 0.001 -18"><span class='ocrx_word' id='word_1_79' title='bbox 272 1462 411 1507; x_wconf 82' lang='lat' dir='ltr'>quam</span> <span class='ocrx_word' id='word_1_80' title='bbox 460 1444 698 1491; x_wconf 84' lang='lat' dir='ltr'>Julianum</span> <span class='ocrx_word' id='word_1_81' title='bbox 744 1444 947 1507; x_wconf 85' lang='lat' dir='ltr'>peperit,</span> <span class='ocrx_word' id='word_1_82' title='bbox 987 1444 1178 1492; x_wconf 82' lang='lat' dir='ltr'>decessit</span> <span class='ocrx_word' id='word_1_83' title='bbox 1214 1449 1274 1505; x_wconf 81' lang='grc'>1);</span> <span class='ocrx_word' id='word_1_84' title='bbox 1314 1452 1443 1508; x_wconf 84' lang='lat' dir='ltr'>pater</span> <span class='ocrx_word' id='word_1_85' title='bbox 1479 1446 1701 1492; x_wconf 86' lang='lat' dir='ltr'>Constan-</span> 
     </span>
     <span class='ocr_line' id='line_1_14' title="bbox 273 1527 1702 1590; baseline 0.001 -18"><span class='ocrx_word' id='word_1_86' title='bbox 273 1527 369 1573; x_wconf 90' lang='lat' dir='ltr'>tino</span> <span class='ocrx_word' id='word_1_87' title='bbox 406 1528 577 1589; x_wconf 82' lang='lat' dir='ltr'>Magno</span> <span class='ocrx_word' id='word_1_88' title='bbox 615 1536 797 1573; x_wconf 84' lang='lat' dir='ltr'>mortuo</span> <span class='ocrx_word' id='word_1_89' title='bbox 845 1543 949 1573; x_wconf 89' lang='lat' dir='ltr'>cum</span> <span class='ocrx_word' id='word_1_90' title='bbox 987 1528 1147 1573; x_wconf 88' lang='lat' dir='ltr'>ceteris</span> <span class='ocrx_word' id='word_1_91' title='bbox 1185 1528 1388 1590; x_wconf 80' lang='lat' dir='ltr'>cognatis</span> <span class='ocrx_word' id='word_1_92' title='bbox 1420 1545 1445 1573; x_wconf 91' lang='lat' dir='ltr'>a</span> <span class='ocrx_word' id='word_1_93' title='bbox 1476 1528 1702 1574; x_wconf 79' lang='lat' dir='ltr'>seditiosis</span> 
     </span>
     <span class='ocr_line' id='line_1_15' title="bbox 275 1609 1704 1673; baseline 0 -17"><span class='ocrx_word' id='word_1_94' title='bbox 275 1609 496 1656; x_wconf 84' lang='lat' dir='ltr'>militibus</span> <span class='ocrx_word' id='word_1_95' title='bbox 528 1609 799 1655; x_wconf 84' lang='lat' dir='ltr'>interfectus</span> <span class='ocrx_word' id='word_1_96' title='bbox 835 1616 903 1655; x_wconf 90' lang='lat' dir='ltr'>est</span> <span class='ocrx_word' id='word_1_97' title='bbox 942 1610 1146 1665; x_wconf 78' lang='lat' dir='ltr'>&gt;‚sinente</span> <span class='ocrx_word' id='word_1_98' title='bbox 1172 1611 1328 1673; x_wconf 88' lang='lat' dir='ltr'>potius</span> <span class='ocrx_word' id='word_1_99' title='bbox 1361 1628 1493 1673; x_wconf 73' lang='lat' dir='ltr'>quain</span> <span class='ocrx_word' id='word_1_100' title='bbox 1514 1611 1704 1656; x_wconf 85' lang='lat' dir='ltr'>iubente</span> 
     </span>
     <span class='ocr_line' id='line_1_16' title="bbox 278 1691 667 1751; baseline -0.005 -12"><span class='ocrx_word' id='word_1_101' title='bbox 278 1691 577 1739; x_wconf 83' lang='lat' dir='ltr'>Constantio&#39;&#39;</span> <span class='ocrx_word' id='word_1_102' title='bbox 616 1692 667 1751; x_wconf 58' lang='grc'>2).</span> 
     </span>
    </p>

    <p class='ocr_par' dir='ltr' id='par_1_5' title="bbox 275 1775 1702 2084">
     <span class='ocr_line' id='line_1_17' title="bbox 344 1775 1702 1830; baseline 0.004 -13"><span class='ocrx_word' id='word_1_103' title='bbox 344 1775 605 1830; x_wconf 85' lang='lat' dir='ltr'>Julianum,</span> <span class='ocrx_word' id='word_1_104' title='bbox 652 1775 710 1820; x_wconf 91' lang='lat' dir='ltr'>ob</span> <span class='ocrx_word' id='word_1_105' title='bbox 759 1781 962 1820; x_wconf 86' lang='lat' dir='ltr'>teneram</span> <span class='ocrx_word' id='word_1_106' title='bbox 1003 1781 1200 1822; x_wconf 86' lang='lat' dir='ltr'>aetatem</span> <span class='ocrx_word' id='word_1_107' title='bbox 1237 1782 1469 1822; x_wconf 86' lang='lat' dir='ltr'>servatum</span> <span class='ocrx_word' id='word_1_108' title='bbox 1509 1804 1566 1809; x_wconf 94' lang='lat'><strong>—</strong></span> <span class='ocrx_word' id='word_1_109' title='bbox 1606 1781 1702 1822; x_wconf 85' lang='lat' dir='ltr'>erat</span> 
     </span>
     <span class='ocr_line' id='line_1_18' title="bbox 277 1857 1700 1919; baseline 0.001 -16"><span class='ocrx_word' id='word_1_110' title='bbox 277 1865 389 1903; x_wconf 90' lang='lat' dir='ltr'>tunc</span> <span class='ocrx_word' id='word_1_111' title='bbox 436 1857 528 1903; x_wconf 88' lang='lat' dir='ltr'>fere</span> <span class='ocrx_word' id='word_1_112' title='bbox 564 1862 738 1919; x_wconf 84' lang='lat' dir='ltr'>septem</span> <span class='ocrx_word' id='word_1_113' title='bbox 777 1873 922 1903; x_wconf 88' lang='lat' dir='ltr'>annos</span> <span class='ocrx_word' id='word_1_114' title='bbox 960 1864 1095 1904; x_wconf 88' lang='lat' dir='ltr'>natus</span> <span class='ocrx_word' id='word_1_115' title='bbox 1131 1887 1194 1892; x_wconf 93' lang='lat'>——</span> <span class='ocrx_word' id='word_1_116' title='bbox 1232 1875 1338 1904; x_wconf 91' lang='lat' dir='ltr'>cum</span> <span class='ocrx_word' id='word_1_117' title='bbox 1374 1858 1511 1904; x_wconf 83' lang='lat' dir='ltr'>fratre</span> <span class='ocrx_word' id='word_1_118' title='bbox 1532 1858 1700 1904; x_wconf 86' lang='lat' dir='ltr'>maiore</span> 
     </span>
     <span class='ocr_line' id='line_1_19' title="bbox 275 1939 1701 2002; baseline 0.001 -17"><span class='ocrx_word' id='word_1_119' title='bbox 275 1939 408 1985; x_wconf 84' lang='lat' dir='ltr'>Gallo</span> <span class='ocrx_word' id='word_1_120' title='bbox 454 1939 753 1985; x_wconf 83' lang='lat' dir='ltr'>Constantius</span> <span class='ocrx_word' id='word_1_121' title='bbox 792 1941 1060 2002; x_wconf 77' lang='lat' dir='ltr'>AugustuS,</span> <span class='ocrx_word' id='word_1_122' title='bbox 1099 1940 1178 2002; x_wconf 84' lang='lat' dir='ltr'>qui</span> <span class='ocrx_word' id='word_1_123' title='bbox 1213 1945 1322 1986; x_wconf 92' lang='lat' dir='ltr'>tunc</span> <span class='ocrx_word' id='word_1_124' title='bbox 1358 1940 1536 1986; x_wconf 85' lang='lat' dir='ltr'>Orienti</span> <span class='ocrx_word' id='word_1_125' title='bbox 1574 1957 1701 2002; x_wconf 84' lang='lat' dir='ltr'>prae-</span> 
     </span>
     <span class='ocr_line' id='line_1_20' title="bbox 275 2021 1093 2084; baseline 0.001 -17"><span class='ocrx_word' id='word_1_126' title='bbox 275 2030 396 2077; x_wconf 87' lang='lat' dir='ltr'>erat,</span> <span class='ocrx_word' id='word_1_127' title='bbox 433 2022 477 2067; x_wconf 91' lang='lat' dir='ltr'>in</span> <span class='ocrx_word' id='word_1_128' title='bbox 517 2021 709 2067; x_wconf 87' lang='lat' dir='ltr'>tutelam</span> <span class='ocrx_word' id='word_1_129' title='bbox 747 2039 876 2068; x_wconf 87' lang='lat' dir='ltr'>suam</span> <span class='ocrx_word' id='word_1_130' title='bbox 914 2022 1093 2084; x_wconf 85' lang='lat' dir='ltr'>recepit.</span> 
     </span>
    </p>

    <p class='ocr_par' dir='ltr' id='par_1_6' title="bbox 276 2103 1703 2660">
     <span class='ocr_line' id='line_1_21' title="bbox 343 2103 1697 2167; baseline 0.002 -18"><span class='ocrx_word' id='word_1_131' title='bbox 343 2103 410 2149; x_wconf 90' lang='lat' dir='ltr'>De</span> <span class='ocrx_word' id='word_1_132' title='bbox 467 2104 706 2149; x_wconf 88' lang='lat' dir='ltr'>iuventute</span> <span class='ocrx_word' id='word_1_133' title='bbox 759 2104 933 2150; x_wconf 85' lang='lat' dir='ltr'>Juliani</span> <span class='ocrx_word' id='word_1_134' title='bbox 990 2121 1080 2149; x_wconf 90' lang='lat' dir='ltr'>non</span> <span class='ocrx_word' id='word_1_135' title='bbox 1139 2104 1284 2151; x_wconf 87' lang='lat' dir='ltr'>multa</span> <span class='ocrx_word' id='word_1_136' title='bbox 1337 2105 1520 2167; x_wconf 80' lang='lat' dir='ltr'>cognita</span> <span class='ocrx_word' id='word_1_137' title='bbox 1574 2110 1697 2152; x_wconf 89' lang='lat' dir='ltr'>sunt.</span> 
     </span>
     <span class='ocr_line' id='line_1_22' title="bbox 276 2185 1700 2248; baseline 0 -16"><span class='ocrx_word' id='word_1_138' title='bbox 276 2187 406 2245; x_wconf 74' lang='lat' dir='ltr'>Quae</span> <span class='ocrx_word' id='word_1_139' title='bbox 458 2186 514 2231; x_wconf 89' lang='lat' dir='ltr'>de</span> <span class='ocrx_word' id='word_1_140' title='bbox 572 2202 623 2231; x_wconf 88' lang='lat' dir='ltr'>ea</span> <span class='ocrx_word' id='word_1_141' title='bbox 687 2185 1005 2238; x_wconf 83' lang='lat' dir='ltr'>ecclesiastici,</span> <span class='ocrx_word' id='word_1_142' title='bbox 1061 2185 1233 2248; x_wconf 82' lang='lat' dir='ltr'>quique</span> <span class='ocrx_word' id='word_1_143' title='bbox 1286 2186 1342 2232; x_wconf 90' lang='lat' dir='ltr'>ab</span> <span class='ocrx_word' id='word_1_144' title='bbox 1378 2186 1433 2232; x_wconf 88' lang='lat' dir='ltr'>iis</span> <span class='ocrx_word' id='word_1_145' title='bbox 1470 2186 1700 2248; x_wconf 86' lang='lat' dir='ltr'>pendent,</span> 
     </span>
     <span class='ocr_line' id='line_1_23' title="bbox 276 2267 1698 2331; baseline 0 -17"><span class='ocrx_word' id='word_1_146' title='bbox 276 2269 516 2331; x_wconf 82' lang='lat' dir='ltr'>scriptores</span> <span class='ocrx_word' id='word_1_147' title='bbox 569 2276 894 2323; x_wconf 87' lang='lat' dir='ltr'>narraverunt,</span> <span class='ocrx_word' id='word_1_148' title='bbox 949 2267 1074 2313; x_wconf 87' lang='lat' dir='ltr'>omni</span> <span class='ocrx_word' id='word_1_149' title='bbox 1122 2268 1212 2314; x_wconf 85' lang='lat' dir='ltr'>fide</span> <span class='ocrx_word' id='word_1_150' title='bbox 1260 2275 1429 2314; x_wconf 86' lang='lat' dir='ltr'>carent.</span> <span class='ocrx_word' id='word_1_151' title='bbox 1500 2269 1698 2315; x_wconf 78' lang='lat' dir='ltr'>Tantum</span> 
     </span>
     <span class='ocr_line' id='line_1_24' title="bbox 276 2350 1702 2414; baseline 0 -17"><span class='ocrx_word' id='word_1_152' title='bbox 276 2352 356 2407; x_wconf 90' lang='lat' dir='ltr'>iis,</span> <span class='ocrx_word' id='word_1_153' title='bbox 410 2368 526 2414; x_wconf 83' lang='lat' dir='ltr'>quae</span> <span class='ocrx_word' id='word_1_154' title='bbox 577 2352 675 2413; x_wconf 90' lang='lat' dir='ltr'>ipse</span> <span class='ocrx_word' id='word_1_155' title='bbox 723 2350 938 2397; x_wconf 81' lang='lat' dir='ltr'>Julianus</span> <span class='ocrx_word' id='word_1_156' title='bbox 988 2351 1032 2396; x_wconf 92' lang='lat' dir='ltr'>in</span> <span class='ocrx_word' id='word_1_157' title='bbox 1070 2351 1267 2414; x_wconf 88' lang='lat' dir='ltr'>epistula</span> <span class='ocrx_word' id='word_1_158' title='bbox 1301 2352 1358 2397; x_wconf 87' lang='lat' dir='ltr'>ad</span> <span class='ocrx_word' id='word_1_159' title='bbox 1394 2352 1702 2398; x_wconf 86' lang='lat' dir='ltr'>Athenienses</span> 
     </span>
     <span class='ocr_line' id='line_1_25' title="bbox 278 2433 1701 2497; baseline -0.001 -16"><span class='ocrx_word' id='word_1_160' title='bbox 278 2442 321 2481; x_wconf 91' lang='lat' dir='ltr'>et</span> <span class='ocrx_word' id='word_1_161' title='bbox 373 2434 471 2481; x_wconf 89' lang='lat' dir='ltr'>aliis</span> <span class='ocrx_word' id='word_1_162' title='bbox 514 2433 746 2494; x_wconf 89' lang='lat' dir='ltr'>opusculis</span> <span class='ocrx_word' id='word_1_163' title='bbox 783 2433 838 2479; x_wconf 90' lang='lat' dir='ltr'>de</span> <span class='ocrx_word' id='word_1_164' title='bbox 876 2450 953 2479; x_wconf 84' lang='lat' dir='ltr'>sua</span> <span class='ocrx_word' id='word_1_165' title='bbox 988 2433 1178 2479; x_wconf 88' lang='lat' dir='ltr'>iuvenili</span> <span class='ocrx_word' id='word_1_166' title='bbox 1215 2439 1362 2480; x_wconf 87' lang='lat' dir='ltr'>aetate</span> <span class='ocrx_word' id='word_1_167' title='bbox 1398 2433 1566 2496; x_wconf 78' lang='lat' dir='ltr'>passini</span> <span class='ocrx_word' id='word_1_168' title='bbox 1607 2451 1701 2497; x_wconf 89' lang='lat' dir='ltr'>pro-</span> 
     </span>
     <span class='ocr_line' id='line_1_26' title="bbox 278 2515 1703 2578; baseline 0 -16"><span class='ocrx_word' id='word_1_169' title='bbox 278 2516 409 2571; x_wconf 84' lang='lat' dir='ltr'>tulit,</span> <span class='ocrx_word' id='word_1_170' title='bbox 457 2533 666 2578; x_wconf 84' lang='lat' dir='ltr'>quaeque</span> <span class='ocrx_word' id='word_1_171' title='bbox 718 2515 1012 2571; x_wconf 80' lang='lat' dir='ltr'>Ammianus,</span> <span class='ocrx_word' id='word_1_172' title='bbox 1061 2515 1309 2571; x_wconf 82' lang='lat' dir='ltr'>Libanius,</span> <span class='ocrx_word' id='word_1_173' title='bbox 1360 2516 1595 2578; x_wconf 82' lang='lat' dir='ltr'>Ennapius</span> <span class='ocrx_word' id='word_1_174' title='bbox 1632 2516 1703 2562; x_wconf 92' lang='lat' dir='ltr'>hic</span> 
     </span>
     <span class='ocr_line' id='line_1_27' title="bbox 278 2597 1529 2660; baseline -0.002 -15"><span class='ocrx_word' id='word_1_175' title='bbox 278 2599 369 2645; x_wconf 90' lang='lat' dir='ltr'>illic</span> <span class='ocrx_word' id='word_1_176' title='bbox 405 2598 652 2644; x_wconf 89' lang='lat' dir='ltr'>memoriae</span> <span class='ocrx_word' id='word_1_177' title='bbox 687 2597 1017 2660; x_wconf 88' lang='lat' dir='ltr'>prodiderunt,</span> <span class='ocrx_word' id='word_1_178' title='bbox 1054 2599 1168 2645; x_wconf 86' lang='lat' dir='ltr'>fides</span> <span class='ocrx_word' id='word_1_179' title='bbox 1204 2598 1414 2644; x_wconf 80' lang='lat' dir='ltr'>habenda</span> <span class='ocrx_word' id='word_1_180' title='bbox 1449 2606 1529 2644; x_wconf 84' lang='lat' dir='ltr'>cst.</span> 
     </span>
    </p>

    <p class='ocr_par' dir='ltr' id='par_1_7' title="bbox 343 2679 1702 2742">
     <span class='ocr_line' id='line_1_28' title="bbox 343 2679 1702 2742; baseline -0.001 -15"><span class='ocrx_word' id='word_1_181' title='bbox 343 2682 407 2727; x_wconf 75' lang='lat' dir='ltr'>Ex</span> <span class='ocrx_word' id='word_1_182' title='bbox 454 2681 522 2726; x_wconf 89' lang='lat' dir='ltr'>his</span> <span class='ocrx_word' id='word_1_183' title='bbox 559 2679 737 2726; x_wconf 87' lang='lat' dir='ltr'>efficere</span> <span class='ocrx_word' id='word_1_184' title='bbox 774 2697 1019 2742; x_wconf 84' lang='lat' dir='ltr'>possumus</span> <span class='ocrx_word' id='word_1_185' title='bbox 1041 2721 1050 2738; x_wconf 91' lang='lat'>‚</span> <span class='ocrx_word' id='word_1_186' title='bbox 1087 2681 1329 2727; x_wconf 81' lang='lat' dir='ltr'>Juliannm</span> <span class='ocrx_word' id='word_1_187' title='bbox 1367 2680 1702 2727; x_wconf 85' lang='lat' dir='ltr'>Constantino-</span> 
     </span>
    </p>
   </div>
   <div class='ocr_carea' id='block_1_2' title="bbox 284 2803 450 2808">
    <p class='ocr_par' dir='ltr' id='par_1_8' title="bbox 284 2803 450 2808">
     <span class='ocr_line' id='line_1_29' title="bbox 284 2803 450 2808; baseline 0 0"><span class='ocrx_word' id='word_1_188' title='bbox 284 2803 450 2808; x_wconf 95' lang='lat' dir='ltr'> </span> 
     </span>
    </p>
   </div>
   <div class='ocr_carea' id='block_1_3' title="bbox 337 2863 1126 2979">
    <p class='ocr_par' dir='ltr' id='par_1_9' title="bbox 337 2863 1126 2979">
     <span class='ocr_line' id='line_1_30' title="bbox 337 2863 1126 2911; baseline -0.004 -11"><span class='ocrx_word' id='word_1_189' title='bbox 337 2865 362 2911; x_wconf 76' lang='grc'>1)</span> <span class='ocrx_word' id='word_1_190' title='bbox 390 2865 439 2900; x_wconf 83' lang='lat' dir='ltr'>Cf.</span> <span class='ocrx_word' id='word_1_191' title='bbox 471 2865 609 2899; x_wconf 78' lang='lat' dir='ltr'>Julian.</span> <span class='ocrx_word' id='word_1_192' title='bbox 639 2863 770 2907; x_wconf 81' lang='lat' dir='ltr'>Misop.</span> <span class='ocrx_word' id='word_1_193' title='bbox 802 2863 859 2907; x_wconf 76' lang='lat' dir='ltr'>Sp.</span> <span class='ocrx_word' id='word_1_194' title='bbox 893 2875 952 2907; x_wconf 52' lang='grc' dir='ltr'>ΙΨ.</span> <span class='ocrx_word' id='word_1_195' title='bbox 985 2864 1056 2898; x_wconf 74' lang='lat'>352</span> <span class='ocrx_word' id='word_1_196' title='bbox 1086 2864 1126 2897; x_wconf 79' lang='lat' dir='ltr'>B.</span> 
     </span>
     <span class='ocr_line' id='line_1_31' title="bbox 339 2931 791 2979; baseline -0.007 -11"><span class='ocrx_word' id='word_1_197' title='bbox 339 2932 365 2979; x_wconf 83' lang='lat'>²)</span> <span class='ocrx_word' id='word_1_198' title='bbox 394 2933 546 2979; x_wconf 81' lang='lat' dir='ltr'>Entrop.</span> <span class='ocrx_word' id='word_1_199' title='bbox 576 2933 601 2966; x_wconf 87' lang='grc'>1.</span> <span class='ocrx_word' id='word_1_200' title='bbox 626 2932 669 2966; x_wconf 86' lang='lat' dir='ltr'>X.</span> <span class='ocrx_word' id='word_1_201' title='bbox 697 2944 726 2965; x_wconf 80' lang='lat' dir='ltr'>c.</span> <span class='ocrx_word' id='word_1_202' title='bbox 758 2931 791 2967; x_wconf 82' lang='grc'>9.</span> 
     </span>
    </p>
   </div>
  </div>
 </body>
</html>
