2242 3496
963 420 1018 465 31

287 572 310 601 e
373 555 519 619 primo
582 554 731 617 capite
793 552 822 599 l.
882 552 1002 598 XVI.
1067 556 1114 611 ᾗῇ
1186 555 1212 598 2
1276 557 1321 598 et
1371 553 1426 607 3,
1481 550 1559 597 ubi
1596 550 1705 596 haec

283 637 526 700 leguntur:
598 636 733 698 „quia
795 635 936 697 igitur
989 652 1057 681 res
1112 651 1324 696 magnae,
1379 631 1522 696 quas''
1576 632 1706 694 (Juli-

285 720 420 782 anus)
490 736 597 782 'sper
665 717 837 764 Gallias
902 717 1071 763 virtute
1123 715 1428 778 felicitateque
1487 715 1706 770 correxit,

289 800 479 854 „multis
532 806 738 847 veterum
790 799 920 846 factis
970 798 1162 845 fortibus
1210 804 1466 861 praestant,
1525 797 1705 859 singula

289 884 432 936 userie
484 883 806 946 progrediente
860 882 1135 936 monstrabo,
1190 880 1500 927 instrumenta
1550 879 1704 926 omnia

290 966 560 1019 nmediocris
591 965 786 1028 ingenii,
824 965 859 1011 si
897 964 1174 1020 suffecerint,
1196 970 1523 1010 commoturus.
1570 961 1709 1021 Quic-

288 1048 428 1111 „quid
480 1041 632 1094 autem
686 1047 972 1102 narrabitur,
1028 1047 1152 1110 quod
1205 1063 1296 1092 non
1343 1045 1508 1091 falsitas
1547 1050 1709 1106 arguta

290 1131 582 1186 71concinnat,
637 1130 716 1176 sed
768 1130 879 1176 fides
933 1130 1108 1192 integra
1143 1145 1295 1175 rerum
1333 1126 1548 1182 absolvit,
1584 1123 1709 1174 doca-

288 1217 472 1268 mnentz's
507 1213 778 1260 evidentibus
810 1213 960 1269 fulta,
1005 1212 1061 1258 ad
1095 1211 1374 1258 laudativam
1394 1226 1538 1273 paene
1559 1219 1710 1256 mate-

288 1297 431 1351 „riam
468 1295 767 1360 pertinebit.''

351 1379 475 1441 Quia
518 1378 565 1425 in
603 1378 740 1425 rebus
775 1383 958 1424 tantum
997 1377 1064 1424 his
1101 1376 1385 1439 temporibus
1419 1375 1557 1438 gestis
1593 1391 1711 1421 con-

287 1461 535 1508 scribendis
571 1461 846 1508 Ammianus
880 1460 991 1507 haec
1026 1461 1303 1507 documenta
1338 1459 1538 1521 optimae
1576 1464 1712 1505 notae

288 1544 517 1599 adhibuit,
555 1560 824 1607 persuasum
861 1543 973 1589 mihi
1009 1542 1153 1589 babeo
1189 1559 1295 1589 eum
1331 1541 1403 1588 hic
1438 1558 1461 1588 e
1493 1540 1709 1604 peculiari

289 1626 487 1690 quodam
525 1626 651 1673 fonte
686 1625 902 1672 hausisse.
943 1625 1211 1671 Ammianus
1231 1624 1351 1671 enirn
1372 1623 1470 1687 ipse
1490 1622 1710 1686 expressis

286 1710 433 1756 verbis
469 1709 710 1756 declaravit
746 1725 791 1754 se
827 1708 977 1754 iudice
1013 1724 1086 1754 eas
1122 1706 1432 1770 expeditiones
1455 1706 1599 1752 multo
1617 1721 1708 1751 ma-

286 1792 394 1838 ioris
431 1792 648 1839 momenti
679 1808 778 1838 esse
814 1808 952 1853 quam
990 1806 1106 1853 quae
1141 1794 1247 1836 ante
1282 1794 1547 1836 enarrasset.
1576 1788 1607 1851 1)

352 1875 532 1922 Deinde
600 1891 652 1921 ea
719 1874 935 1937 inspicias
988 1873 1148 1929 velim,
1213 1889 1331 1935 quae
1385 1870 1709 1933 Hecke1·us‘')

344 2058 370 2105 ¹)
399 2059 451 2094 Cf.
489 2058 512 2092 l.
552 2059 630 2093 XV.
671 2070 701 2093 c.
732 2059 774 2093 9.
804 2059 823 2102 ἓ
852 2058 883 2099 1,
926 2056 989 2091 ubi
1030 2056 1204 2102 legimus:
1252 2055 1432 2091 «Proinde
1461 2054 1635 2102 quoniam
1665 2076 1714 2081 —

286 2129 327 2161 ut
367 2128 592 2163 Mantuanus
634 2128 736 2162 vates
775 2125 962 2170 praedixit
1008 2125 1172 2160 excelsus
1217 2144 1264 2150 —
1306 2126 1419 2159 maius
1467 2138 1550 2171 opas
1589 2138 1717 2166 maimo,

292 2195 503 2239 «maiorque
532 2194 624 2229 mihi
650 2206 771 2229 rerum
801 2193 968 2228 nascitur
996 2194 1105 2228 ordo»
1137 2195 1174 2228 et
1201 2205 1293 2237 qus.

345 2262 370 2308 ²)
399 2276 457 2308 pg.
488 2263 548 2304 47,
591 2263 653 2297 ubi
681 2262 856 2307 legimus:
903 2261 1099 2295 «Ammian
1128 2262 1210 2306 sagt
1237 2261 1334 2296 heim
1364 2260 1504 2306 Bcginn
1533 2261 1596 2295 der
1624 2261 1714 2295 Dar-

291 2330 477 2376 «stellung
517 2332 581 2367 der
620 2331 764 2365 Thaten
802 2329 948 2363 Julians
988 2330 1064 2371 (15.
1111 2330 1142 2364 1.
1176 2328 1246 2374 1.):
1280 2329 1499 2373 «Utcunque
1526 2328 1716 2373 potuimus

291 2412 465 2435 «merum
494 2399 662 2440 scrutari,
690 2410 733 2433 ea
761 2409 854 2442 quac
884 2397 1005 2431 videre
1033 2396 1143 2431 licuit
1170 2408 1232 2441 per
1260 2398 1430 2439 aetatem,
1461 2396 1516 2431 vel
1545 2396 1715 2440 perplexe

290 2485 305 2500 κ
318 2468 600 2513 «interrogando
626 2468 787 2502 versatos
804 2466 843 2500 in
875 2465 995 2500 medio
1023 2465 1126 2507 scire,
1156 2467 1380 2500 narravimus
1407 2464 1533 2499 ordine
1561 2476 1712 2498 casuum

292 2536 505 2581 «waposito
533 2535 805 2571 dive1·sornm»:
843 2534 946 2569 Diese
973 2534 1041 2568 Art
1069 2546 1112 2567 zu
1141 2533 1319 2574 albeiten,
1347 2532 1404 2568 die
1420 2544 1505 2566 inan
1523 2532 1600 2566 ihm
1616 2532 1709 2566 auc-h

291 2606 371 2639 «fiir
397 2603 523 2639 Julian
550 2602 834 2649 zugeschrieben
863 2603 940 2642 hat,
982 2601 1128 2637 hezicht
1155 2601 1233 2635 sich
1262 2613 1332 2635 nur
1361 2601 1428 2635 auf
1452 2601 1511 2636 die
1541 2600 1618 2635 Zeit.
1651 2612 1717 2634 vor

292 2673 461 2707 «diesem.
494 2670 697 2712 «residua»,
726 2670 827 2704 salu-t
850 2682 887 2705 er
902 2670 987 2710 fort,
1008 2681 1122 2713 «quae
1138 2671 1327 2704 secuturus
1343 2668 1483 2714 aperiet
1497 2670 1633 2709 textus,
1650 2680 1715 2712 pro

295 2740 476 2775 2<ae<viriu1n
505 2740 616 2784 captu
643 2738 811 2772 limatius
839 2737 1082 2778 absolvemus,
1111 2737 1207 2771 nihil
1237 2738 1502 2771 obtrectatores
1530 2736 1644 2779 longi,
1675 2737 1716 2769 ut

294 2809 489 2852 «eqmtant,
517 2807 635 2851 operis
657 2805 909 2841 formidantes.
937 2807 1027 2839 tunc
1054 2805 1153 2840 enim
1170 2805 1359 2839 laudanda
1375 2807 1428 2839 est
1444 2803 1614 2844 brevitas,
1631 2815 1714 2836 eum

292 2887 460 2911 mmoras
511 2886 684 2920 rumpens
732 2873 1011 2918 intempestivas
1051 2872 1147 2907 nihil
1189 2872 1375 2906 subtrahit
1405 2871 1608 2917 cognitioni
1638 2884 1715 2915 gos-

293 2945 500 2978 «mtorum».
536 2943 584 2977 Er
625 2943 702 2978 will
731 2943 808 2977 also
837 2941 894 2975 (lie
923 2940 1144 2976 Gesmhichte
1174 2952 1211 2975 so
1240 2939 1469 2973 :iusfiihrlich
1501 2939 1714 2974 dssrstellvn.
