2242 3496
960 351 1031 419 :3'

257 505 440 568 iraeque
493 511 537 550 et
585 504 724 550 studii
780 505 939 567 plenos
993 522 1288 566 quaecunque
1335 521 1471 567 prava
1524 511 1568 551 et
1604 505 1682 551 in—

257 588 446 633 honesta
487 587 604 633 facta
640 587 695 632 de
731 603 784 632 eo
819 586 1059 632 hominum
1096 587 1384 633 sermonibus
1419 587 1680 634 circumfer-

256 675 437 725 rentur,
490 685 572 731 pro
619 669 735 714 veris
780 668 1005 715 habuisse.
1064 670 1238 715 Contra
1286 668 1363 731 qui
1410 669 1683 716 hellenistici

257 751 496 814 scriptores
542 751 856 813 appellentur,
907 752 1086 814 antiqui
1123 752 1313 798 deorum
1349 752 1501 798 cultus
1539 758 1681 799 secta-

259 839 389 888 tores,
443 833 522 896 qui
574 834 854 895 gauderent,
905 833 1030 895 quod
1079 833 1269 880 deorum
1309 850 1432 880 sacra
1466 834 1680 881 restituta

257 923 431 972 essent,
468 916 724 961 immodicis
760 916 975 962 laudibus
1013 916 1204 962 eundem
1243 916 1465 962 extulisse.

320 998 472 1045 Multo
509 1004 662 1044 tamen
699 998 953 1060 graviorem
992 1014 1205 1053 causam,
1236 1016 1316 1044 cur
1336 998 1599 1061 saepissime
1624 999 1681 1044 de

254 1081 425 1127 Juliani
476 1081 610 1127 rebus
663 1081 906 1143 scriptores
943 1080 1102 1142 inique
1138 1081 1421 1135 iudicarent,
1460 1081 1682 1127 amicitias

255 1169 299 1208 et
333 1164 595 1210 inimicitias
633 1163 803 1218 fuisse,
857 1179 975 1225 quae
1010 1162 1131 1208 inter
1165 1163 1405 1210 Julianum
1437 1164 1677 1210 Caesarem

254 1251 298 1290 et
334 1245 656 1291 Constantium
695 1245 958 1305 Augustum
999 1250 1331 1291 exercerentur.

320 1328 570 1374 Contendit
622 1327 743 1373 enim
803 1327 1065 1383 Heckerus,
1119 1327 1361 1374 Julianum
1415 1328 1457 1373 in
1495 1329 1675 1392 scriptis

255 1410 478 1472 evulgatis
513 1416 758 1472 antequam
798 1427 823 1455 a
860 1409 1083 1455 militibus
1109 1410 1353 1471 Augustus
1384 1412 1677 1458 renuntiatus

252 1493 511 1539 inimicitias
563 1493 837 1539 contraxerit
895 1509 1000 1538 cum
1038 1492 1325 1549 Constantio,
1365 1494 1541 1555 magnis
1580 1495 1678 1541 lau-

251 1575 386 1621 dibus
439 1576 764 1621 Constantium
819 1574 1092 1629 celebrasse;
1143 1581 1188 1621 at
1219 1575 1442 1622 amicitiae
1479 1577 1676 1624 vinculis

251 1659 398 1721 ruptis
452 1659 649 1704 eundem
706 1675 798 1704 non
854 1657 998 1704 solum
1050 1657 1168 1703 bello
1205 1658 1282 1703 sed
1318 1658 1455 1705 etiam
1493 1660 1673 1723 scriptis

250 1742 346 1787 suis
399 1757 496 1786 csse
549 1746 858 1802 persecutum.
930 1740 1047 1786 Eum
1101 1741 1222 1786 enim
1267 1740 1313 1786 in
1351 1741 1528 1803 scriptis
1565 1749 1678 1789 tune

254 1823 408 1878 editis,
447 1823 588 1869 veluti
624 1823 670 1869 in
707 1821 904 1886 epistula
939 1822 995 1868 ad
1031 1823 1336 1868 Athenienses
1371 1823 1490 1880 data,
1531 1825 1678 1872 multa

251 1905 490 1952 tradidisse
525 1906 581 1951 de
618 1905 904 1960 Constantio,
942 1921 1059 1968 (cquae
1096 1921 1120 1950 a
1155 1905 1344 1951 veritate
1363 1906 1672 1954 abhorrerent.

317 1989 454 2046 Quod
501 1989 652 2051 ipsum
691 1988 901 2034 Heckero
937 1987 1088 2033 iudice
1124 2004 1176 2033 ex
1212 1988 1421 2050 epistulis
1456 1998 1672 2052 apparet,

251 2088 365 2133 quas
401 2071 569 2117 multas
605 2071 841 2125 Julianus,
879 2086 983 2115 cum
1021 2070 1188 2115 Caesar
1224 2077 1352 2126 esset,
1391 2077 1436 2118 et
1470 2073 1526 2118 ad
1563 2073 1674 2119 alios

251 2153 419 2199 amicos
474 2159 517 2199 et
569 2153 625 2198 ad
678 2152 922 2199 Libanium
972 2151 1174 2206 dederit,
1228 2159 1367 2216 atque
1419 2155 1476 2201 ab
1510 2155 1674 2201 iisdem

250 2235 471 2298 acceperit
490 2235 548 2293 1).
587 2235 759 2297 quippe
794 2234 840 2280 in
878 2234 1048 2296 quibus
1084 2234 1192 2280 nihil
1231 2235 1506 2293 inveniatur,
1551 2240 1674 2285 unde

251 2318 431 2380 probari
482 2318 623 2380 possit
670 2317 910 2363 Julianum
952 2317 1190 2363 Caesarem
1228 2334 1253 2363 a
1289 2319 1558 2367 Constantio
1594 2322 1674 2367 in—

250 2401 366 2446 iuria
401 2417 497 2446 esse
533 2401 763 2446 affectum.

313 2482 492 2528 Deinde
546 2483 785 2528 Heckerus
839 2482 1122 2529 demonstrat
1166 2484 1411 2531 Libanium
1468 2486 1530 2548 (in
1579 2503 1674 2532 ora-

245 2564 366 2610 tione
409 2564 607 2623 funebri)
659 2570 703 2610 et
739 2564 977 2610 Zosimuin
1021 2565 1255 2627 (passim),
1294 2568 1373 2629 qui
1410 2584 1501 2614 non
1540 2569 1671 2615 intel-

246 2646 476 2707 legerent,
519 2647 757 2693 Julianum
800 2648 866 2693 ira
903 2653 948 2693 et
983 2649 1135 2694 studio
1173 2649 1394 2705 ductum,
1431 2650 1540 2697 haec
1577 2668 1673 2697 om-

310 2829 333 2875 ¹)
361 2830 550 2875 Epistulae
577 2842 599 2865 a
627 2831 782 2866 Libanio
811 2832 857 2865 ad
881 2830 1073 2865 ‚Iulianum
1087 2833 1195 2867 datae
1212 2833 1360 2868 maioris
1375 2835 1554 2870 momenti
1572 2839 1669 2877 sunt,

251 2910 361 2942 quum
391 2912 481 2943 quas
509 2899 678 2932 Julianus
707 2900 751 2933 ad
784 2898 979 2933 Libaniuni
1009 2899 1122 2933 ‹ils—dit.
