2242 3496
959 435 1014 481 17

345 569 407 615 At
457 577 781 630 argumentum
836 584 929 630 quo
982 568 1130 614 utitur
1182 567 1237 613 ad
1291 567 1337 613 id
1385 566 1698 629 probandum,

280 650 409 697 facile
444 650 584 697 refelli
619 656 782 714 potest.
823 649 944 696 Dicit
983 649 1245 712 Eunapium
1283 649 1383 696 illos
1419 655 1698 696 commenta-

281 733 371 779 rios
426 750 518 779 non
570 732 837 794 cognovisse
896 749 1016 785 „non
1064 732 1238 788 enim'',
1276 732 1338 778 ait
1377 732 1461 785 „ad
1498 732 1692 778 Oribasii

283 816 553 874 ῃὺπόμνημα
611 815 711 878 [frg.
756 816 800 876 82>
863 816 889 861 J
898 815 1131 878 ulianique
1189 814 1429 877 epistulas,
1499 831 1696 877 quarum

283 899 656 953 „multitudinem
699 899 796 962 ipse
833 903 960 945 notat
1000 897 1099 960 (fig.
1142 899 1214 943 14.
1255 899 1299 959 7„
1334 896 1696 959 confugiendum

284 982 351 1036 „ei
388 981 596 1028 fuisset.”

343 1064 581 1127 Eunapius
634 1064 679 1109 in
722 1080 879 1110 eornm
917 1063 1191 1125 scriptorum
1229 1079 1420 1109 numero
1459 1062 1695 1108 habendus

278 1153 371 1203 est,
425 1146 503 1209 qui
555 1163 646 1209 qua
693 1152 803 1193 sunt
855 1146 996 1192 animi
1048 1146 1231 1193 levitate
1280 1151 1324 1191 et
1358 1145 1541 1207 ignavia
1577 1143 1697 1191 haud

275 1228 590 1292 imprudentes
637 1230 884 1276 deteriores
937 1229 1084 1275 fontes
1134 1229 1180 1275 in
1218 1229 1428 1291 operibus
1465 1229 1557 1275 suis
1595 1244 1697 1274 con-

277 1311 525 1358 scribendis
563 1318 809 1358 sectantur.
849 1312 969 1374 Pigri
1001 1311 1273 1375 plerumque
1294 1317 1337 1358 et
1360 1312 1525 1357 inertes
1545 1310 1694 1357 fontes

278 1393 476 1441 melioris
507 1401 665 1450 notae,
704 1411 817 1457 quos
837 1392 956 1441 haud
978 1395 1215 1457 ignorant,
1243 1393 1366 1440 adire
1386 1393 1698 1456 supersedent,

279 1476 448 1540 quippe
501 1477 580 1540 qui
633 1495 724 1524 non
760 1478 805 1524 id
843 1484 980 1539 agant
1016 1484 1067 1523 ut
1103 1493 1241 1539 quam
1280 1477 1476 1523 maxima
1511 1493 1618 1522 cura
1654 1482 1699 1522 et

280 1559 518 1623 diligentia
569 1561 647 1607 sed
700 1567 749 1607 ut
802 1577 939 1622 quam
996 1560 1186 1607 minima
1239 1560 1403 1606 virium
1440 1560 1695 1606 intentione

274 1659 392 1705 opus
445 1660 580 1689 suum
639 1643 990 1689 conscribillent.
1046 1642 1091 1688 Si
1138 1641 1488 1689 Commentariis
1523 1640 1700 1688 Juliani

275 1724 343 1771 uti
397 1724 608 1771 voluisset
661 1724 920 1787 Eunapius,
976 1724 1109 1786 plura
1162 1741 1266 1771 eum
1318 1724 1429 1771 scire
1465 1723 1698 1787 oportuit,

276 1823 414 1868 quam
444 1807 646 1854 Graecus
681 1807 832 1854 rhetor
868 1824 1050 1853 necesse
1086 1807 1248 1854 habere
1285 1807 1472 1854 solebat.

338 1890 554 1936 Consulto
590 1890 721 1952 igitur
756 1890 921 1936 fontem
957 1889 1213 1937 deteriorem
1251 1890 1458 1945 adhibet,
1495 1889 1699 1951 legentes

276 1971 529 2029 adhortans,
545 1982 593 2018 ut
614 1973 769 2019 librum
784 1973 839 2019 de
860 1989 1012 2036 pugna
1029 1973 1395 2035 Argentoratensi
1416 1971 1697 2035 inspiciant.¹)

339 2054 438 2100 Jaul
507 2055 563 2102 ad
633 2055 740 2101 alios
794 2054 1028 2116 scriptores
1082 2064 1366 2101 transeamus.
1440 2054 1699 2101 Ammianus

275 2153 459 2199 quoque
496 2137 785 2183 Marcellinus
822 2137 987 2183 Juliani
1025 2154 1163 2200 opera
1197 2144 1522 2182 commemorat.
1561 2136 1699 2198 Apud

275 2235 374 2264 eum
412 2219 540 2265 XVI.
582 2220 654 2274 5‚7
692 2219 902 2282 legimus:
945 2219 1053 2272 „sed
1082 2229 1224 2265 tamen
1263 2236 1361 2265 cum
1400 2218 1700 2281 liaec''(p1'ae-

275 2301 441 2346 cedunt
467 2301 687 2347 nonnulla
708 2301 764 2348 de
789 2301 1096 2364 philosophiae
1128 2301 1281 2347 studiis
1305 2300 1488 2361 Juliani)
1512 2302 1697 2352 „effecto

279 2382 534 2445 „pleneque
569 2383 812 2445 colligeret,
851 2400 933 2429 nec
966 2383 1196 2430 humiliora
1231 2383 1446 2445 despexit,
1486 2382 1694 2445 poeticam

279 2466 583 2518 „mediocriter
635 2474 679 2513 et
726 2466 985 2512 rhetoricam
1026 2466 1218 2527 (amavit)
1256 2470 1287 2527 ἦ)
1329 2494 1386 2499 -
1422 2475 1468 2511 ut
1503 2465 1697 2511 ostendit

330 2600 355 2645 ¹)
385 2600 438 2635 Cf.
468 2599 666 2645 fragmenti
695 2599 714 2631 9
745 2599 856 2634 verba
885 2599 998 2633 haec:

333 2670 378 2709 οὶ)
418 2671 644 2721 πέισόμὲθα
684 2669 835 2709 ταύτόν
877 2671 961 2713 τοῖ,ι
1008 2668 1051 2705 ἐν
1093 2669 1215 2718 η’μί-ρᾲ
1261 2664 1390 2717 δᾷδας
1433 2666 1698 2721 (ὶνασχοῦσιν,

271 2744 344 2784 ‘lua
378 2759 415 2782 τι
440 2749 719 2795 κρυπτόμενον
743 2742 983 2793 (ὶνειῖρωσιν.
1021 2748 1077 2782 et:
1115 2737 1222 2778 ἀλλὰ
1259 2744 1370 2786 τοῖ,ι
1402 2741 1476 2791 μέν
1510 2738 1699 2795 βουλυ-

273 2816 460 2869 μένοις
491 2820 534 2858 τὸ
562 2818 738 2870 μέγεθος
769 2821 852 2857 τὼν
884 2817 1043 2855 ἐκείνου
1074 2811 1206 2864 λόγων
1240 2830 1277 2853 τε
1314 2817 1380 2853 καὶ
1413 2815 1542 2867 ἔργων
1573 2815 1699 2856 (ἱνα-

276 2896 500 2933 σκοπεῒν
544 2894 597 2932 τὸ
642 2894 758 2944 περὶ
804 2893 1008 2931 τούτων
1052 2886 1276 2944 βιβλίον
1321 2888 1668 2941 {winigelt-⁴1¹.

330 2967 355 3012 ²)
385 2970 513 3002 (trimi-it
538 2967 690 3001 inscruit
722 2967 944 3009 XVagiiei·1is;
981 2962 1208 2998 desideratur
1236 2963 1270 2997 in
1304 2964 1503 3000 codicibus.

1540 3034 1567 3076 2
