1966 3288
1039 281 1099 325 42

351 414 463 473 (ἕνῆρ
514 414 571 458 rcc'
606 433 647 457 τε
681 411 797 457 ἄλλα
831 414 1066 465 βέλτιστος,
1118 418 1193 456 καὶ
1236 415 1438 469 πολέμων
1479 413 1555 458 οὐκ
1589 411 1781 472 ἄπειρος,

350 498 444 535 καὶ
486 493 594 534 τῶν
633 488 980 544 κωλυμιῖτων
1018 491 1081 533 τῑὶ
1127 490 1310 534 πολλά
1346 490 1650 542 ἐπέπαυτο,
1685 490 1782 534 τότε

351 567 420 624 δὴ,
473 566 567 611 τότε
602 568 661 625 τῷ
694 567 874 618 βασιλεῖ
903 566 1056 623 καιρός
1089 566 1340 617 ἐπιδείξεως
1375 565 1584 624 α’κριβοῦς
1621 568 1784 624 παρῆν.

417 643 481 688 Ex
519 641 587 687 his
626 641 776 687 verbis
798 641 1052 703 magnificis
1073 647 1117 688 et
1135 641 1347 705 speciosis
1367 649 1555 704 apparet
1576 641 1782 705 quidem,

351 723 596 770 Libanium
629 723 876 787 epistulam
897 722 954 770 ad
972 723 1278 771 Athenienses
1297 724 1360 771 ihi
1379 723 1644 772 adhibuisse
1664 724 1695 788 1)
1718 753 1778 759 -

351 807 473 868 apud
526 823 631 852 eum
687 806 902 853 Julianus
948 812 1048 853 tuin
1086 806 1272 854 demum
1310 824 1381 854 res
1419 824 1607 870 magnas
1642 814 1781 871 atque

351 873 560 935 illustres
589 889 833 936 molietur.
870 905 971 936 cum
1008 906 1189 936 summa
1224 890 1405 954 imperii
1437 890 1476 937 ei
1496 889 1598 937 data
1617 890 1782 938 erit-—

351 973 429 1018 sed
467 990 535 1019 res
571 978 741 1034 gestae,
780 989 898 1036 quae
933 972 996 1019 ibi
1029 978 1368 1029 memorantur,
1407 973 1653 1020 maximam
1685 990 1783 1038 par-

351 1062 444 1101 tem
495 1073 546 1101 ex
597 1055 948 1101 Commentariis
989 1055 1243 1111 fluxerunt;
1281 1055 1334 1102 cf.
1375 1056 1528 1102 Amm.
1572 1056 1697 1103 XVI.
1739 1057 1780 1104 7.

354 1138 396 1185 1.
453 1138 582 1185 XVI.
636 1139 710 1184 10.
769 1139 853 1185 21:
913 1137 1067 1193 nunde
1121 1138 1260 1185 misso
1304 1139 1350 1185 in
1388 1139 1541 1186 locum
1578 1139 1783 1186 Marcelli

357 1222 548 1274 ''Severo
599 1221 825 1268 bellorum
878 1238 966 1269 usu
1013 1227 1058 1268 et
1110 1221 1374 1269 maturitate
1426 1221 1661 1277 firmato,”
1734 1228 1780 1269 et

352 1304 480 1351 XVI.
539 1305 613 1350 11.
672 1306 723 1351 l:
781 1305 873 1367 „At
927 1305 1095 1352 Caesar
1133 1345 1139 1351 .
1183 1343 1191 1351 .
1230 1342 1239 1352 .
1296 1305 1556 1369 properavit
1591 1305 1778 1352 alacrior

356 1388 621 1450 ''magisque
672 1387 847 1444 laetUS,
903 1388 1026 1451 quod
1074 1389 1324 1435 exercitum
1360 1388 1547 1452 regebat
1584 1390 1778 1436 Severus

357 1487 467 1524 „nec
504 1470 674 1517 discors
711 1487 795 1517 nec
826 1471 1076 1534 aclroganS‚
1116 1471 1195 1518 sed
1230 1472 1367 1535 longa
1403 1471 1593 1518 militiae
1629 1471 1780 1535 fruga-

359 1554 507 1608 „litate
544 1560 808 1617 compertus
845 1560 889 1600 et
927 1571 1034 1601 enm
1070 1560 1192 1601 recta
1219 1560 1520 1618 praeeuntem
1540 1561 1784 1602 secuturus

359 1644 438 1691 'sut
475 1638 713 1685 ductorem
753 1637 1009 1701 morigerus
1046 1637 1205 1686 miles'’
1245 1638 1294 1702 ²J.

420 1722 549 1781 Quae
587 1717 828 1768 Heckerus
865 1737 937 1784 pg.
980 1722 1040 1768 24
1076 1721 1188 1768 dixit
1209 1722 1265 1769 de
1285 1737 1528 1778 consensu,
1567 1720 1647 1784 qui
1666 1720 1785 1768 inter

359 1805 512 1850 Amin.
552 1803 680 1850 XVI.
723 1806 796 1852 11.
838 1808 879 1852 9.
920 1809 964 1850 et
1003 1803 1165 1850 Liban.
1206 1821 1280 1868 pg.
1322 1806 1412 1852 537
1452 1809 1596 1851 exstat
1635 1833 1694 1840 -
1733 1803 1789 1851 de

354 1886 563 1933 hostibus
617 1903 669 1933 ex
722 1887 874 1934 Rheni
926 1887 1091 1934 insulis
1143 1887 1346 1951 depulsis
1384 1917 1443 1923 —
1481 1904 1533 1934 ea
1567 1887 1624 1934 ab
1661 1887 1786 1934 omni

354 1975 482 2032 parte
535 1987 637 2016 vera
692 1987 787 2017 esse
838 1971 947 2018 mihi
998 1971 1225 2020 videntur.
1260 1971 1467 2034 Uterque
1504 1971 1696 2035 scriptor
1737 1987 1790 2017 ex

358 2053 520 2100 eodem
572 2053 697 2100 fonte
751 2053 926 2110 hausit,
979 2054 1058 2102 sed
1109 2054 1243 2101 solito
1297 2071 1424 2101 more
1466 2053 1689 2101 Libanius
1724 2081 1789 2088 —

356 2135 566 2183 consulto
616 2153 672 2183 an
721 2137 927 2184 socordia
961 2137 1005 2183 id
1044 2136 1296 2184 diiudicare
1332 2137 1435 2184 nolo
1472 2165 1536 2173 —
1573 2153 1626 2184 eo
1662 2135 1791 2183 fonte

357 2235 597 2283 perperam
641 2237 754 2267 usus
791 2226 871 2267 est.

421 2302 515 2349 Iam
556 2304 690 2350 redeo
727 2304 780 2349 ad
820 2309 960 2367 caput
990 2304 1245 2350 secundum
1282 2303 1387 2349 libri
1407 2303 1521 2350 XVI
1543 2302 1787 2358 Ammiani,

360 2386 437 2448 qni
476 2391 496 2445 ᾗ
539 2388 597 2432 10
634 2403 735 2433 eam
772 2403 974 2450 pugnam
1012 2386 1171 2442 refert,
1209 2386 1260 2433 de
1298 2403 1387 2449 qua
1423 2385 1643 2433 Libanius
1679 2402 1795 2448 quo-

358 2486 447 2531 que
483 2469 577 2532 agit
609 2469 659 2532 3).
716 2469 854 2529 Quod
890 2475 1045 2516 autem
1086 2470 1278 2516 eandem
1315 2485 1409 2515 rem
1448 2468 1584 2531 plane
1609 2467 1788 2515 diverse

419 2697 443 2743 ἢ
473 2698 524 2745 CR
555 2697 627 2731 JuL
657 2699 954 2742 ep.zul.AthfflL
984 2710 1045 2743 pg.
1079 2699 1150 2733 278
1180 2699 1208 2732 B
1236 2700 1272 2733 et
1301 2699 1343 2733 D.

414 2764 439 2810 2)
470 2766 522 2799 CR
554 2766 698 2801 lincker
727 2779 786 2810 pg.
817 2766 876 2800 26.

418 2832 443 2879 ³)
475 2834 487 2866 I
517 2845 574 2877 pg.
610 2835 692 2869 537.
