2242 3496
1199 363 1227 412 4

501 501 574 548 nia
609 501 664 547 (10
701 499 971 546 Constantio
1007 499 1258 561 scripsisse,
1297 515 1347 543 ex
1387 497 1456 543 illa
1483 496 1679 558 epistula
1704 496 1760 543 ad
1783 494 1920 542 Athe-

500 586 681 630 nienses
720 590 956 645 tamquam
994 598 1046 626 cx
1083 580 1401 642 limpidissimo
1438 580 1562 625 fonte
1602 578 1821 625 hausisse.

562 666 695 712 Viros
733 666 888 711 doctos
922 664 1063 725 igitur
1095 662 1284 709 nimiam
1319 662 1458 708 fidem
1494 661 1706 707 habuisse
1742 660 1921 707 Zosimo

500 747 784 809 Libanioquc
836 752 881 792 et
928 744 1161 791 immerito
1197 744 1425 807 putavisse
1472 743 1554 788 1103
1591 743 1835 805 scriptores
1870 760 1927 790 ne

501 838 612 876 tunc
648 829 831 892 quidem
883 845 909 874 a
962 827 1151 873 veritate
1196 827 1484 879 discessisse,
1539 842 1644 871 cum
1698 826 1926 872 traderent

501 930 618 975 quae
652 912 773 975 apud
813 911 1113 957 Ammianum
1134 909 1457 955 Marcellinum
1480 924 1572 954 non
1593 907 1924 954 invenirentur.

567 995 685 1040 Tum
735 993 927 1057 probare
968 993 1146 1048 studet,
1180 991 1510 1045 Ammianum,
1548 1006 1701 1036 rerum
1739 989 1929 1053 scripto-

499 1094 603 1123 rum
642 1077 712 1123 sui
749 1076 844 1122 aevi
882 1075 1013 1121 facile
1048 1074 1330 1138 principem,
1369 1080 1413 1120 et
1450 1072 1582 1119 cuius
1617 1072 1729 1119 fides
1751 1090 1929 1136 semper

500 1160 687 1222 plurimi
733 1159 850 1205 facta
901 1158 985 1212 sit,
1033 1174 1125 1204 non
1165 1173 1345 1219 semper
1381 1173 1484 1202 vera
1520 1155 1761 1201 rettulisse.
1816 1157 1928 1202 Am-

501 1243 705 1288 mianum
745 1258 853 1288 sane
891 1257 1071 1303 semper
1102 1240 1147 1285 id
1185 1240 1358 1301 egisse,
1397 1245 1449 1284 ut
1487 1255 1538 1284 ea
1564 1238 1808 1284 memoriae
1827 1254 1928 1300 pro-

501 1325 655 1381 deret,
709 1341 827 1387 quae
877 1340 980 1369 vera
1016 1323 1103 1385 ipsi
1140 1322 1432 1376 viderentur3
1469 1327 1673 1366 attamen
1710 1319 1928 1382 suspicari

498 1408 654 1461 licere,
704 1407 826 1452 hunc
879 1421 1064 1468 quoque
1111 1404 1287 1450 Juliani
1341 1403 1522 1466 scriptis
1575 1403 1620 1448 111
1658 1403 1794 1449 rebus
1830 1402 1928 1448 eius

500 1491 638 1551 gestis
675 1489 939 1535 enarrandis
975 1487 1109 1534 nimis
1147 1486 1308 1532 sedulo
1348 1502 1482 1532 usum
1520 1502 1631 1531 esse.

570 1573 750 1631 Quibus
787 1571 974 1634 prolatis
999 1570 1239 1616 Heckerus
1258 1568 1417 1614 multis
1437 1567 1718 1629 argumentis
1739 1567 1930 1629 probare

502 1662 696 1702 conatur
731 1654 1060 1707 Ammianum,
1098 1651 1373 1705 Libanium,
1411 1650 1647 1696 Zosimum
1684 1667 1735 1696 ex
1770 1650 1929 1695 eodem

502 1739 628 1784 fonte
681 1737 897 1783 hausisse.
953 1736 1101 1794 Quem
1154 1734 1329 1780 fontem
1383 1732 1754 1779 Commentarios
1789 1732 1930 1778 fuisse

501 1821 675 1883 arguit,
740 1836 853 1881 quos
884 1818 1129 1872 „Julianus
1182 1816 1238 1862 de
1292 1816 1385 1862 suis
1440 1816 1574 1861 rebus
1631 1815 1770 1877 gestis
1822 1831 1929 1861 con-

505 1902 750 1964 scripserit.

570 1985 709 2043 Quod
745 1990 797 2030 ut
834 1983 1020 2045 probet,
1059 1982 1180 2027 locos
1218 1981 1376 2036 affert,
1414 1979 1583 2042 quibus
1619 1980 1676 2026 de
1708 1980 1931 2026 111300111-

513 2067 748 2113 mentariis
782 2065 961 2127 agitur,
1004 2071 1048 2110 et
1087 2063 1405 2126 compluribus
1434 2063 1598 2108 horum
1632 2062 1773 2108 trium
1795 2062 1932 2125 scrip-

504 2157 658 2195 torum
694 2149 803 2195 locis
837 2148 954 2194 inter
990 2164 1035 2193 se
1071 2145 1365 2208 compositis,
1398 2144 1477 2191 ubi
1497 2144 1617 2190 inter
1636 2162 1681 2190 se
1701 2144 1931 2199 differunt,

504 2233 583 2278 has
636 2231 963 2293 discrepantias
1014 2229 1122 2275 inde
1177 2234 1306 2274 nat-as
1343 2244 1438 2273 esse
1474 2228 1771 2283 demonstrat,
1806 2227 1930 2289 quod

504 2314 619 2360 alius
654 2314 741 2360 alio
774 2313 961 2359 consilio
1000 2312 1056 2357 ad
1091 2310 1384 2357 scribendum
1422 2309 1650 2356 adductus
1682 2309 1751 2355 sit.

576 2397 682 2443 Sine
734 2397 828 2442 ulla
881 2394 1173 2442 dubitatione
1227 2393 1467 2438 Heckerus
1503 2392 1582 2437 1110
1619 2391 1774 2437 libello
1811 2391 1926 2438 viam

507 2479 793 2534 monstravit,
833 2494 923 2542 qua
958 2494 1063 2523 vera
1099 2475 1299 2522 sontium
1337 2475 1454 2520 inter
1491 2490 1537 2520 se
1564 2474 1856 2520 necessitudo
1888 2482 1931 2520 et

504 2561 715 2623 cognatio
751 2560 963 2622 cognosci
1000 2563 1205 2621 possunt.

571 2645 638 2689 Re
669 2643 808 2705 igitur
838 2643 991 2688 denuo
1023 2645 1232 2687 accurate
1266 2655 1454 2685 excussa
1473 2639 1519 2684 in
1542 2638 1749 2684 animum
1771 2639 1931 2685 induxi

504 2726 560 2772 de
607 2726 694 2771 11113
732 2725 936 2771 fontibus
971 2723 1197 2786 quaedam
1235 2721 1482 2776 disserere;
1522 2738 1640 2783 quae
1679 2721 1931 2783 disputatio

508 2809 619 2854 mihi
666 2825 821 2854 ansani
868 2807 995 2853 dabit
1041 2805 1095 2851 ad
1143 2821 1195 2850 ea
1245 2803 1516 2859 refellenda,
1567 2819 1685 2866 quae
1728 2803 1841 2850 mihi
1883 2804 1929 2849 in

507 2891 705 2936 Heckeri
742 2891 895 2936 11110110
932 2907 1021 2935 11011
1061 2894 1183 2933 recte
1220 2887 1454 2948 disputata
1490 2886 1717 2932 videntur.
