2242 3496
1178 368 1238 413 36

491 505 637 547 exstat
668 500 786 545 inter
820 499 1119 545 Ammianum
1157 505 1203 545 et
1239 515 1339 545 eam
1378 500 1642 563 epistulam,
1684 518 1736 548 eo
1773 501 1919 565 magis

493 583 724 629 notandus
777 588 857 628 cst.
926 581 1099 643 Magno
1149 587 1218 627 est
1261 590 1557 646 argumento,
1596 583 1735 630 fuisse
1772 600 1919 647 quon-

492 666 596 711 (lam
633 665 1018 720 Commentarios,
1056 665 1181 711 unde
1216 665 1400 711 fluxerit
1436 665 1708 713 Amrnianea
1745 667 1914 714 relatio.

492 746 673 795 Etenim
727 746 819 793 veri
872 746 1018 793 simile
1071 753 1164 803 est,
1214 747 1452 794 Julianum
1514 748 1560 795 in
1616 748 1681 794 his
1737 749 1919 796 duobus

491 828 642 885 libris,
684 845 883 892 quorum
933 828 1127 875 alterum
1172 829 1361 877 alteram
1398 831 1456 876 ol)
1491 847 1673 878 eausam
1712 831 1916 895 scripsit,

493 928 583 957 non
622 912 775 958 omnia
811 912 1015 960 dissimili
1053 913 1227 960 ratione
1263 919 1493 960 tractasse.

562 995 661 1041 Hoc
696 995 733 1040 si
770 995 1032 1050 statuimus,
1071 995 1198 1042 loeus
1228 996 1477 1052 Ammiani,
1499 996 1578 1059 qui
1597 1002 1665 1042 est
1685 996 1741 1043 de
1761 997 1918 1044 iuven-

491 1083 590 1123 tute
625 1076 798 1123 Juliani
829 1076 883 1138 1)‚
919 1078 1094 1124 nullam
1132 1078 1454 1125 difficultatem
1491 1079 1690 1141 praebet.
1732 1079 1918 1126 Etenim

490 1159 536 1205 111
580 1160 957 1216 Commentariis,
994 1178 1110 1224 quos
1147 1162 1448 1218 Ammianus,
1486 1178 1593 1208 011111
1630 1178 1746 1225 opus
1781 1179 1917 1209 suum

491 1242 817 1298 conscriberet,
865 1244 1151 1307 inspexerat,
1186 1261 1415 1307 perpauca
1451 1250 1632 1291 tantum
1670 1244 1726 1291 de
1761 1245 1918 1292 iuven-

492 1330 592 1371 tute
627 1343 709 1372 sua
744 1326 1013 1373 memoravit
1047 1327 1276 1373 Julianus.
1332 1327 1474 1374 Initio
1510 1327 1648 1374 huius
1679 1327 1781 1374 libri
1802 1328 1919 1375 Juli-

495 1425 610 1454 anus
663 1425 868 1455 narrasse
917 1409 1113 1465 videtur,
1158 1427 1206 1456 se
1253 1426 1276 1456 e
1327 1410 1518 1457 Graecia
1565 1411 1830 1458 arcessitum
1870 1418 1916 1458 et

491 1491 695 1537 Caesaris
747 1492 934 1538 nomine
986 1499 1198 1539 ornatum
1250 1492 1296 1539 in
1343 1493 1514 1540 Gallias
1564 1511 1661 1541 esse
1696 1495 1918 1551 missum,

490 1574 748 1636 praemissis
801 1575 991 1622 fortasse
1043 1576 1279 1622 nonnullis
1330 1576 1386 1622 de
1421 1577 1558 1623 caede
1596 1577 1743 1624 fratris
1780 1583 1825 1624 et
1861 1577 1918 1624 de

491 1657 760 1703 criminibus
813 1658 853 1704 ei
906 1658 1058 1704 illatis.
1098 1659 1129 1721 n)
1196 1659 1432 1705 Praeterea
1483 1659 1575 1706 veri
1629 1660 1775 1707 simile
1823 1668 1922 1718 est,

491 1756 599 1786 eum
634 1741 792 1803 paucis
829 1757 1011 1787 causam
1049 1741 1342 1804 exposuisse,
1382 1759 1463 1789 cur
1498 1743 1543 1789 in
1586 1743 1784 1791 Galliam
1815 1744 1922 1790 mis-

491 1839 568 1868 sus
603 1829 732 1869 esset.
770 1820 803 1882 3)

556 1905 703 1968 Supra
754 1906 975 1962 vidimus,
1029 1908 1272 1955 Julianum
1321 1909 1411 1956 iam
1461 1927 1498 1956 a.
1539 1911 1631 1955 358
1667 1910 1916 1956 Commen-

490 1987 627 2032 tarios
654 2004 807 2033 rerum
838 2005 1025 2035 suarum
1057 1991 1252 2037 seribere
1284 1991 1565 2049 instituisse,
1613 2009 1719 2038 011111
1764 1993 1919 2039 etiam-

545 2140 979 2188 1)1.Χ1ῑ1ο.1ξῠ.

546 2208 571 2254 ²)
601 2210 646 2245 Cf
682 2222 776 2254 quae
805 2212 848 2245 de
876 2211 934 2245 1113
961 2212 1069 2247 1011113
1098 2224 1209 2257 supra-
1236 2213 1451 2248 memoravi.

543 2276 568 2324 ³)
598 2278 650 2313 Cf.
680 2279 866 2314 Ammian.
896 2279 920 2313 l.
950 2280 1027 2315 XV.
1059 2292 1089 2314 0.
1121 2281 1141 2315 8
1171 2282 1190 2325 ἓ
1224 2282 1253 2314 1.
1283 2293 1392 2325 quem
1423 2281 1545 2316 locum
1575 2293 1619 2315 ex
1635 2281 1920 2317 Commentariis

489 2346 726 2391 desumptum
767 2359 842 2382 csse
885 2348 1006 2382 multa
1045 2349 1301 2383 demonstrant
1328 2349 1491 2383 indicia:
1523 2349 1804 2384 «Constantium
1834 2362 1920 2386 vero

491 2414 754 2459 «exagitabant
783 2415 927 2450 adsidui
956 2416 1081 2451 nuntii
1108 2417 1318 2461 deploratas
1345 2417 1420 2451 iam
1451 2416 1593 2452 Gallias
1608 2417 1817 2453 indicantes
1835 2445 1842 2452 .
1861 2445 1868 2452 .
1885 2445 1892 2452 .
1912 2445 1919 2452 .

491 2484 757 2527 «aestuansque
797 2483 872 2527 diu,
915 2496 989 2528 qua
1028 2484 1065 2519 vi
1104 2485 1337 2530 propulsaret
1379 2497 1574 2520 aerumnas
1613 2485 1690 2530 ipse
1727 2485 1766 2520 in
1804 2485 1918 2520 Italia.

492 2550 674 2585 «residens
700 2553 741 2585 ut
770 2552 943 2595 cupiebat
973 2572 1017 2579 -
1042 2555 1273 2599 periculosum
1303 2556 1391 2589 enim
1421 2555 1639 2590 aris-limabat
1665 2567 1699 2589 se
1723 2556 1758 2589 ἰη
1781 2561 1917 2600 partem

492 2621 712 2654 «cona-mlere
741 2622 838 2665 lonye
875 2623 1039 2655 (le'motam
1070 2641 1113 2646 ——
1143 2621 1305 2666 repperit-
1344 2623 1496 2657 tandem
1524 2622 1722 2657 consilium
1750 2624 1918 2657 rectum»

484 2698 517 2721 e.
548 2698 583 2730 q.
614 2699 640 2721 s.

538 2753 638 2789 Idem
674 2756 745 2790 fere
787 2756 976 2798 Libanius,
1006 2769 1115 2802 quem
1144 2759 1266 2793 totum
1295 2758 1453 2802 pendere
1482 2770 1503 2793 a
1530 2758 1680 2794 Juliano
1710 2770 1785 2794 non
1811 2757 1923 2803 igno-

485 2838 619 2868 ramus,
664 2828 704 2862 in
745 2829 911 2865 oratione
955 2831 1099 2866 funebri
1139 2830 1298 2865 tradidit
1340 2831 1446 2877 (R.1
1483 2843 1542 2876 pg.
1575 2832 1681 2877 534):
1716 2830 1800 2873 τοῖς
1843 2828 1920 2878 μέν

485 2896 608 2935 αὑτοῦ
646 2896 855 2943 κινδύνοις
894 2896 1079 2944 ὲξὲλίισαι
1116 2901 1207 2945 τοί-ς
1242 2899 1508 2950 κωμάζοντας
1544 2902 1614 2940 οὐκ
1650 2899 1816 2953 ἐτόλμα.
