2242 3496
936 361 993 408 27

319 499 445 556 Quae
499 498 635 544 verba
686 498 802 544 male
845 498 1167 561 interpretatus
1215 505 1282 546 est
1320 518 1357 545 v.
1398 501 1440 546 d.
1478 500 1696 546 Hecker.·

248 582 293 628 Is
340 581 455 627 enim
493 586 627 643 putat
664 580 723 641 ¹),
774 580 1021 627 Libanium
1068 582 1303 645 scripsisse
1339 601 1386 629 se
1423 600 1513 629 non
1550 583 1671 629 solli-

249 664 391 711 citum
439 681 534 710 csse
574 663 629 709 de
666 662 833 709 futuris
871 663 897 709 i.
937 681 972 709 e.
1012 663 1067 709 de
1110 664 1191 719 iis,
1229 683 1345 728 quae
1382 665 1568 712 Juliano
1593 665 1673 713 im-

250 748 468 794 mineant.
506 746 685 793 Libanii
716 762 820 792 vero
857 747 993 793 verba
1026 747 1115 793 huc
1153 748 1386 794 referenda
1422 765 1519 795 esse
1539 767 1670 811 nego.

252 829 488 877 Sententia
515 830 758 875 verborum
795 828 904 875 hacc
939 835 1036 875 est:
1088 830 1280 893 ''Ncque
1318 837 1470 877 tamen
1514 832 1672 879 sollici-

250 919 325 960 tus
372 929 475 959 sum
518 911 624 974 quid
666 928 737 957 me
773 911 982 957 futurum
1026 912 1104 969 sit,
1143 913 1183 958 h.
1225 931 1262 959 e.
1301 913 1488 975 gloriam
1524 932 1671 961 mean]

249 1001 327 1042 tua
362 994 592 1041 obscurari
632 1011 720 1040 non
762 1011 895 1056 aegre
935 995 1059 1041 fero''

313 1078 429 1123 Utut
464 1076 510 1122 id
547 1081 639 1131 est,
676 1076 720 1121 in
752 1076 828 1122 illa
864 1077 1058 1139 epistula
1088 1078 1144 1123 de
1182 1077 1303 1124 nulla
1340 1095 1386 1123 re
1411 1079 1505 1141 agit
1528 1080 1678 1128 rhetor

250 1166 414 1214 noster,
436 1158 521 1204 nisi
541 1159 596 1204 de
615 1158 893 1204 orationihus
914 1165 958 1205 et
977 1198 984 1214 ,
1008 1165 1058 1205 ut
1076 1160 1165 1206 iam
1188 1162 1458 1218 memoravi,
1481 1163 1675 1225 epistula

249 1242 294 1287 in
332 1241 523 1288 eandem
560 1241 834 1287 sententiam
872 1241 1039 1304 scripta
1074 1249 1142 1288 est
1177 1249 1313 1306 atque
1345 1245 1542 1306 epistula
1563 1247 1671 1294 372.

318 1324 534 1387 Sequitur
558 1324 678 1371 inter
703 1324 923 1387 epistulas
955 1324 1091 1371 latine
1111 1326 1255 1372 editas
1275 1343 1344 1389 ep.
1369 1329 1411 1374 3.
1433 1328 1535 1374 libri
1556 1330 1602 1375 II
1623 1331 1672 1392 21.

251 1407 428 1470 Scripta
468 1413 533 1453 est
584 1413 687 1470 post
722 1406 975 1453 orationem
1012 1407 1086 1454 cui
1124 1412 1470 1471 προσφωνητικῷ
1505 1428 1673 1459 nomcn

250 1496 337 1544 est,
377 1490 445 1536 vel
481 1519 544 1524 ——
580 1490 703 1553 quod
740 1489 892 1552 potius
926 1490 1197 1536 crediderim
1219 1520 1278 1525 -—
1301 1499 1403 1553 post
1418 1493 1671 1541 orationem

242 1573 287 1619 in
324 1573 543 1620 honorem
579 1572 844 1619 consulatus
879 1573 1054 1619 Juliani
1092 1573 1320 1629 habitam,
1361 1581 1409 1621 ut
1445 1594 1494 1622 ex
1536 1577 1666 1624 initio

248 1656 378 1702 facile
412 1655 708 1718 intellegitur.

310 1740 461 1801 Rogat
497 1739 736 1785 ‚Iulianum
772 1738 1019 1793 Libanius,
1060 1745 1109 1785 ut
1146 1757 1224 1802 per
1260 1741 1480 1803 epistulas
1510 1760 1557 1789 se
1577 1761 1670 1790 cer-

250 1821 409 1868 tiorem
475 1821 665 1878 faceret,
722 1821 758 1867 si
810 1822 921 1885 quid
986 1829 1143 1886 postea
1194 1824 1384 1871 feliciter
1437 1827 1671 1888 gessisset,

247 1922 300 1951 eo
352 1904 542 1951 consilio
590 1910 642 1951 ut
689 1904 731 1950 id
785 1911 942 1968 postea
988 1906 1272 1953 orationibus
1309 1907 1401 1954 suis
1437 1909 1672 1957 insereret.

247 1988 306 2034 Et
358 2003 511 2034 revera
552 1988 792 2043 Julianus,
840 2005 946 2035 cum
984 1989 1321 2051 expeditionem
1360 1996 1518 2038 contra
1570 1993 1675 2039 Per-

248 2086 317 2115 sas
386 2069 555 2120 obiret,
627 2071 667 2116 ei
715 2070 967 2134 longiorem
1021 2071 1266 2134 epistulam
1328 2073 1528 2136 111isit³)‚
1584 2092 1675 2138 qua

247 2271 405 2327 μετέχει
438 2275 525 2320 πῶς
556 2274 579 2312 (ἱ
612 2273 875 2326 νένικηλιιένοῖ,ι
910 2280 978 2324 τῆς
1015 2274 1142 2327 νίκης.
1192 2276 1323 2315 lx'nct'd
1357 2279 1448 2330 γάρ,
1476 2291 1592 2327 φασι,
1624 2279 1673 2317 τά

252 2351 333 2388 τῶν
366 2346 512 2400 φίλων.

306 2422 329 2468 ¹)
356 2424 408 2459 of.
447 2424 588 2459 Hecker
624 2424 648 2457 l.
691 2424 714 2457 l.
752 2436 811 2469 pg.
842 2426 883 2457 S:
928 2424 1216 2460 «Ebemlerselbc
1247 2425 1432 2467 Libanios,
1462 2427 1525 2461 ‹lcr
1553 2430 1676 2473 spitter

249 2491 484 2535 «behauptet‚
514 2491 640 2526 Julian
668 2491 763 2527 habe
791 2491 828 2525 in
859 2491 977 2526 seiner
1006 2492 1204 2537 Erhebung
1232 2506 1309 2527 zum
1341 2494 1472 2529 Caesar
1503 2507 1571 2529 nur
1591 2496 1673 2531 eine

252 2558 448 2604 «Schlinge
476 2559 643 2604 gesehen,
672 2559 730 2594 die
758 2560 836 2594 ihm
870 2560 1108 2595 Constantius
1134 2560 1242 2605 legte‚
1275 2561 1495 2597 versichertc
1518 2564 1674 2605 dam-als,

247 2628 352 2662 «dass
392 2638 429 2662 er
469 2626 547 2661 sich
575 2639 640 2673 gar
672 2627 780 2663 keine
809 2629 945 2673 Sorgen
974 2641 1036 2662 um
1066 2627 1123 2663 die
1155 2628 1318 2663 Zukunft
1348 2630 1476 2665 mache
1504 2631 1546 2678 (l.
1579 2644 1612 2665 c.
1646 2634 1672 2667 Ι.

249 2701 364 2735 1]25;
394 2696 439 2735 οὶ)
461 2697 541 2746 μὴν
566 2694 732 2736 δέδοικά
761 2712 803 2746 γε
834 2697 879 2735 τό
901 2694 1102 2748 μέλλον)”

305 2767 330 2815 ²)
359 2781 417 2814 pg.
449 2770 518 2804 755
549 2770 605 2805 ed.
633 2770 758 2805 Wolff.
785 2771 889 2805 Hanc
919 2771 1116 2815 epistulam
1146 2782 1167 2804 a
1198 2770 1352 2805 Libanio
1382 2772 1555 2817 scriptam
1585 2786 1670 2815 csse,

248 2848 313 2881 pro
340 2839 439 2872 certo
467 2838 647 2874 affirmare
681 2850 753 2874 non
783 2838 912 2873 ausim.

305 2904 330 2952 ³)
357 2905 462 2952 epist.
496 2907 554 2941 27.
